@book{Ham:94,
  title =	 {Time Series Analysis},
  author =	 {Hamilton, James Douglas},
  year =	 1994,
  publisher =	 {Princeton University Press}
}
