@Article{ADS:09,
  author =	 {Aruoba, S. Bora{\v g}an and Diebold, Francis X. and
                  Scotti, Chiara},
  title =	 {Real-Time Measurement of Business Conditions},
  journal =	 {Journal of Business and Economic Statistics},
  volume =	 27,
  number =	 4,
  pages =	 {417-427},
  year =	 2009,
}

@Article{AGS:80,
  title =	 {Advertising and aggregate consumption: an analysis
                  of causality},
  volume =	 48,
  journal =	 {Econometrica},
  author =	 {R. Ashley and C.W.J. Granger and R. Schmalensee},
  month =	 jul,
  year =	 1980,
  pages =	 {1149-1167}
}

@Article{AKM:10,
  title =	 {On the asymptotic optimality of the {LIML} estimator
                  with possibly many instruments},
  author =	 {Anderson, T.W. and Kunitomo, N. and Matsushita, Y.},
  journal =	 {Journal of Econometrics},
  volume =	 157,
  number =	 2,
  pages =	 {191-204},
  year =	 2010,
  publisher =	 {Elsevier}
}

@Article{AkA:00,
  title =	 {Asymptotics for analysis of variance when the number
                  of levels is large},
  volume =	 95,
  journal =	 {Journal of the American Statistical Association},
  author =	 {M. Akritas and S. Arnold},
  month =	 mar,
  year =	 2000,
  pages =	 {212-226}
}

@Article{AkP:04,
  title =	 {Heteroscedastic {one-way} {ANOVA} and {lack-of-fit}
                  tests},
  volume =	 99,
  number =	 466,
  journal =	 {Journal of the American Statistical Association},
  author =	 {M.G. Akritas and N. Papadatos},
  month =	 jun,
  year =	 2004,
  pages =	 {368-382}
}

@Article{Aka:69,
  title =	 {Fitting autoregressive models for prediction},
  author =	 {Akaike, Hirotugu},
  journal =	 {Annals of the Institute of Statistical Mathematics},
  volume =	 21,
  number =	 1,
  pages =	 {243-247},
  year =	 1969,
  publisher =	 {Springer}
}

@InProceedings{Aka:73,
  author =	 {H. Akaike},
  title =	 {Information theory and an extension of the maximum
                  likelihood principle},
  booktitle =	 {2nd International Symposium on Information Theory},
  pages =	 {267-281},
  year =	 1973,
  editor =	 {B.N. Petrov and F. Csaki},
  publisher =	 {Akademiai Kiado, Budapest}
}

@Article{Ald:81,
  title =	 {Representations for partially exchangeable arrays of
                  random variables},
  journal =	 {Journal of Multivariate Analysis},
  volume =	 11,
  number =	 4,
  pages =	 {581-598},
  year =	 1981,
  author =	 {David J. Aldous},
  keywords =	 {Exchangeability},
  keywords =	 {spherical matrices}
}

@Article{All:74,
  title =	 {The Relationship between Variable Selection and Data
                  Agumentation and a Method for Prediction},
  author =	 {Allen, David M.},
  journal =	 {Technometrics},
  volume =	 16,
  number =	 1,
  pages =	 {125-127},
  year =	 1974
}

@Article{AnG:09,
  title =	 {Hybrid and Size-Corrected Subsampling Methods},
  author =	 {Andrews, Donald W.K. and Guggenberger, Patrik},
  journal =	 {Econometrica},
  volume =	 77,
  number =	 3,
  pages =	 {721-762},
  year =	 2009,
  publisher =	 {Wiley}
}

@Article{AnG:10,
  title =	 {Asymptotic size and a problem with subsampling and
                  with the $m$ out of $n$ bootstrap},
  author =	 {Andrews, Donald W.K. and Guggenberger, Patrik},
  journal =	 {Econometric Theory},
  volume =	 26,
  number =	 02,
  pages =	 {426-468},
  year =	 2010,
  publisher =	 {Cambridge University Press}
}

@Article{AnG:10b,
  title =	 {Applications of subsampling, hybrid, and
                  size-correction methods},
  author =	 {Andrews, Donald W.K. and Guggenberger, Patrik},
  journal =	 {Journal of Econometrics},
  year =	 2010,
  publisher =	 {Elsevier}
}

@Article{AnM:92,
  title =	 {An Improved Heteroskedasticity and Autocorrelation
                  Consistent Covariance Matrix Estimator},
  author =	 {Andrews, Donald W.K. and Monahan, J. Christopher},
  journal =	 {Econometrica},
  volume =	 60,
  number =	 4,
  pages =	 {953-966},
  year =	 1992
}

@Book{AnP:08,
  title =	 {Mostly harmless econometrics: An empiricist's
                  companion},
  author =	 {Angrist, Joshua D. and Pischke, J\"{o}rn-Steffen},
  year =	 2008,
  publisher =	 {Princeton University Press}
}

@Article{AnP:10,
  author =	 {Angrist, Joshua D. and Pischke, J\"{o}rn-Steffen},
  title =	 {The Credibility Revolution in Empirical Economics:
                  How Better Research Design Is Taking the Con out of
                  Econometrics},
  journal =	 {Journal of Economic Perspectives},
  volume =	 24,
  number =	 2,
  year =	 2010,
  pages =	 {3-30}
}

@Article{AnP:94,
  jstor_articletype ={research-article},
  title =	 {Optimal Tests when a Nuisance Parameter is Present
                  Only Under the Alternative},
  author =	 {Andrews, Donald W.K. and Ploberger, Werner},
  journal =	 {Econometrica},
  volume =	 62,
  number =	 6,
  pages =	 {1383-1414},
  year =	 1994,
  publisher =	 {The Econometric Society}
}

@Article{AnS:07,
  title =	 {Testing with many weak instruments},
  volume =	 138,
  number =	 1,
  journal =	 {Journal of Econometrics},
  author =	 {Donald {W.K.} Andrews and James H. Stock},
  month =	 may,
  year =	 2007,
  keywords =	 {{Anderson-Rubin} {test,Conditional} likelihood ratio
                  {test,Instrumental} {variables,Lagrange} multiplier
                  {test,Many} instrumental {variables,Weak}
                  instruments},
  pages =	 {24-46}
}

@Unpublished{Ana:07,
  author =	 {Stanislav Anatolyev},
  title =	 {Inference about predictive ability when there are
                  many predictors},
  note =	 {Working Paper},
  year =	 2007
}

@Article{Ana:12,
  title =	 {Inference in regression models with many predictors},
  author =	 {Stanislav Anatolyev},
  year =	 2012,
  journal =	 {Journal of Econometrics},
  note =	 {forthcoming}
}

@Article{And:01,
  jstor_articletype ={research-article},
  title =	 {Testing When a Parameter Is on the Boundary of the
                  Maintained Hypothesis},
  author =	 {Andrews, Donald W.K.},
  journal =	 {Econometrica},
  volume =	 69,
  number =	 3,
  pages =	 {683-734},
  language =	 {English},
  year =	 2001,
  publisher =	 {The Econometric Society}
}

@Article{And:76,
  title =	 {Estimation of Linear Functional Relationships:
                  Approximate Distributions and Connections with
                  Simultaneous Equations in Econometrics},
  author =	 {Anderson, T.W.},
  journal =	 {Journal of the Royal Statistical Society. Series B
                  (Methodological)},
  volume =	 38,
  number =	 1,
  pages =	 {1-36},
  language =	 {English},
  year =	 1976
}

@Article{And:91,
  title =	 {Heteroskedasticity and Autocorrelation Consistent
                  Covariance Matrix Estimation},
  author =	 {Andrews, Donald W.K.},
  journal =	 {Econometrica},
  volume =	 59,
  number =	 3,
  pages =	 {817-858},
  year =	 1991
}

@Article{And:96,
  jstor_articletype ={research-article},
  title =	 {Admissibility of the Likelihood Ratio Test when the
                  Parameter Space is Restricted under the Alternative},
  author =	 {Andrews, Donald W.K.},
  journal =	 {Econometrica},
  volume =	 64,
  number =	 3,
  pages =	 {705-718},
  year =	 1996,
  publisher =	 {The Econometric Society}
}

@TechReport{ArD:10,
  title =	 {Real-Time Macroeconomic Monitoring: Real Activity,
                  Inflation, and Interactions},
  author =	 {S. Bora{\v g}an Aruoba and Francis X. Diebold},
  institution =	 {National Bureau of Economic Research},
  type =	 {Working Paper},
  series =	 {Working Paper Series},
  number =	 15657,
  year =	 2010,
  month =	 {January}
}

@Article{AtO:01,
  title =	 {Are {Phillips} curves useful for forecasting
                  inflation?},
  volume =	 25,
  number =	 1,
  journal =	 {Federal Reserve Bank of Minneapolis Quarterly
                  Review},
  author =	 {Andrew Atkeson and Lee E. Ohanian},
  year =	 2001,
  keywords =	 {{Inflation,Phillips} curve},
  pages =	 2
}

@misc{BEKS14,
  Author =	 {Jeff Bezanson and Alan Edelman and Stefan Karpinski
                  and Viral B. Shah},
  note =	 {arXiv:1411.1607},
  Month =	 {November},
  Title =	 {{J}ulia: A Fresh Approach to Numerical Computing},
  Year =	 2014
}

@article{BFP:98,
  title =	 {Random matrix ensembles with an effective extensive
                  external charge},
  author =	 {Baker, TH and Forrester, PJ and Pearce, PA},
  journal =	 {Journal of Physics A: Mathematical and General},
  volume =	 31,
  number =	 29,
  pages =	 {6087-6101},
  year =	 1998,
}

@misc{BKSE12,
  Author =	 {Jeff Bezanson and Stefan Karpinski and Viral B. Shah
                  and Alan Edelman},
  note =	 {arXiv:1209.5145},
  Month =	 {September},
  Title =	 {{J}ulia: A Fast Dynamic Language for Technical
                  Computing},
  Year =	 2012,
}

@Manual{BM:13,
  title =	 {Matrix: Sparse and Dense Matrix Classes and Methods},
  author =	 {Douglas Bates and Martin Maechler},
  year =	 2013,
  note =	 {R package version 1.0-14, available at
                  \url{http://cran.r-project.org/package=Matrix}}
}

@article{BRW:08,
  author =	 {Boudoukh, Jacob and Richardson, Matthew and
                  Whitelaw, Robert F.},
  title =	 {The Myth of Long-Horizon Predictability},
  volume =	 21,
  number =	 4,
  pages =	 {1577-1605},
  year =	 2008,
  journal =	 {Review of Financial Studies}
}

@InCollection{BWB:10,
  title =	 {Can Parameter Instability Explain the {Meese-Rogoff}
                  Puzzle?},
  author =	 {Philippe Bacchetta and Eric van Wincoop and Toni
                  Beutler},
  editor =	 {Lucrezia Reichlin and Kenneth D. West},
  pages =	 {125-173},
  booktitle =	 {{NBER} International Seminar on Macroeconomics 2009},
  institution =	 {National Bureau of Economic Research},
  publisher =	 {University of Chicago Press},
  year =	 2010
}

@Article{BaN:02,
  title =	 {Determining the Number of Factors in Approximate
                  Factor Models},
  author =	 {Bai, Jushan and Ng, Serena},
  journal =	 {Econometrica},
  volume =	 70,
  number =	 1,
  pages =	 {191-221},
  year =	 2002
}

@Article{BaN:08,
  author =	 {Jushan Bai and Serena Ng},
  title =	 {Large dimensional factor analysis},
  journal =	 {Foundations and trends in Econometrics},
  year =	 2008,
  volume =	 3,
  number =	 2,
  pages =	 {89-163}
}

@Article{Bah:06,
  title =	 {Boosting for high-dimensional linear models},
  journal =	 {Annals of Statistics},
  author =	 {P. Bahlmann},
  month =	 jun,
  volume =	 34,
  number =	 2,
  pages =	 {559-583},
  year =	 2006,
}

@Article{Bai:03,
  title =	 {Inferential Theory for Factor Models of Large
                  Dimensions},
  author =	 {Bai, Jushan},
  journal =	 {Econometrica},
  volume =	 71,
  number =	 1,
  pages =	 {135-171},
  year =	 2003
}

@Article{Bai:99,
  title =	 {Methodologies in spectral analysis of large
                  dimensional random matrices, a review},
  volume =	 9,
  number =	 3,
  journal =	 {Statistica Sinica},
  author =	 {Z.D. Bai},
  year =	 1999,
  pages =	 {611-677}
}

@Article {Bar:90,
  author =	 {Barbour, A.D.},
  affiliation =	 {Institut für Angewandte Mathematik Universität
                  Zürich Rämistrasse 74 CH-8001 Zürich Switzerland},
  title =	 {Stein's method for diffusion approximations},
  journal =	 {Probability Theory and Related Fields},
  publisher =	 {Springer Berlin / Heidelberg},
  pages =	 {297-322},
  volume =	 84,
  issue =	 3,
  year =	 1990
}

@Article{Bat:04,
  title =	 {The {ANOVA} ${F}$ test can still be used in some
                  balanced designs with unequal variances and
                  nonnormal data},
  volume =	 126,
  journal =	 {Journal of Statistical Planning and Inference},
  author =	 {A. Bathke},
  year =	 2004,
  pages =	 {413-422}
}

@article{BeH:95,
  title =	 {Controlling the false discovery rate: a practical
                  and powerful approach to multiple testing},
  author =	 {Benjamini, Yoav and Hochberg, Yosef},
  journal =	 {Journal of the Royal Statistical Society. Series B
                  (Methodological)},
  pages =	 {289-300},
  year =	 1995,
  volume =	 57,
}

@article{BeM:98,
  title =	 {Measuring Monetary Policy},
  author =	 {Bernanke, Ben S. and Mihov, Ilian},
  journal =	 {The Quarterly Journal of Economics},
  volume =	 113,
  number =	 3,
  pages =	 {869-902},
  year =	 1998,
}

@Book{Bea:09,
  title =	 {Learning SQL},
  author =	 {Beaulieu, Alan},
  year =	 2009,
  publisher =	 {O'Reilly Media},
  edition =	 {2nd}
}

@Article{Bek:03,
  title =	 {{Finite-sample} instrumental variables inference
                  using an asymptotically pivotal statistic},
  volume =	 19,
  number =	 05,
  journal =	 {Econometric Theory},
  author =	 {Paul A. Bekker and Frank Kleibergen},
  year =	 2003,
  pages =	 {744-753}
}

@Article{Bek:94,
  title =	 {Alternative approximations to the distributions of
                  instrumental variable estimators},
  volume =	 62,
  number =	 3,
  journal =	 {Econometrica},
  author =	 {Paul A. Bekker},
  month =	 may,
  year =	 1994,
  pages =	 {657-681}
}

@Book{Ber:79,
  address =	 {Amsterdam},
  series =	 {Mathematical Center Tracts},
  title =	 {Random walks with stationary increments and renewal
                  theory},
  publisher =	 {Mathematisch Centrum},
  author =	 {Hendrikus Cornelis Petrus Berbee},
  volumm =	 112,
  year =	 1979,
  pages =	 226
}

@Book{Bil:68,
  title =	 {Convergence of Probability Measures},
  author =	 {Billingsley, Patrick},
  publisher =	 {John Wiley, New York},
  year =	 1968
}

@Book{Bil:95,
  title =	 {Probability and measure},
  author =	 {Billingsley, Patrick},
  publisher =	 {John Wiley, New York},
  edition =	 {3rd},
  year =	 1995
}

@Article{BoB:95,
  title =	 {{ANOVA} and rank tests when the number of treatments
                  is large},
  volume =	 23,
  journal =	 {Statistics \& Probability Letters},
  author =	 {D.D. Boos and C. Brownie},
  month =	 may,
  year =	 1995,
  pages =	 {183-191}
}

@article{BoH:99,
  title =	 {Implementing statistical criteria to select return
                  forecasting models: what do we learn?},
  author =	 {Bossaerts, Peter and Hillion, Pierre},
  journal =	 {Review of Financial Studies},
  volume =	 12,
  number =	 2,
  pages =	 {405-428},
  year =	 1999,
  publisher =	 {Soc Financial Studies}
}

@Article{Boo:03,
  title =	 {Introduction to the Bootstrap World},
  author =	 {Boos, Dennis D.},
  journal =	 {Statistical Science},
  volume =	 18,
  number =	 2,
  pages =	 {168-174},
  language =	 {English},
  year =	 2003
}

@Article{BrF:83,
  jstor_articletype ={research-article},
  title =	 {How Many Variables Should be Entered in a Regression
                  Equation?},
  author =	 {Breiman, L. and Freedman, D.},
  journal =	 {Journal of the American Statistical Association},
  volume =	 78,
  number =	 381,
  pages =	 {131-136},
  year =	 1983,
  publisher =	 {American Statistical Association},
}

@Manual{BrS:11:1.2.1,
  title =	 {{pgfSweave}: Quality speedy graphics compilation and
                  caching with {Sweave}},
  author =	 {Cameron Bracken and Charlie Sharpsteen},
  year =	 2011,
  note =	 {R package version 1.2.1}
}

@Article{BrV:01,
  title =	 {The Bootstrap and Multiple Imputations: Harnessing
                  Increased Computing Power for Improved Statistical
                  Tests},
  author =	 {Brownstone, David and Valletta, Robert},
  journal =	 {The Journal of Economic Perspectives},
  volume =	 15,
  number =	 4,
  pages =	 {129-141},
  year =	 2001
}

@Article{Bra:05,
  title =	 {Basic properties of strong mixing conditions.  A
                  survey and some open questions},
  volume =	 2,
  journal =	 {Probability Surveys},
  author =	 {Richard C. Bradley},
  month =	 apr,
  year =	 2005,
  pages =	 {107-144}
}

@Article{Bra:83,
  title =	 {Approximation theorems for strongly mixing random
                  variables},
  volume =	 30,
  number =	 1,
  journal =	 {Michigan Mathematical Journal},
  author =	 {Richard C. Bradley},
  year =	 1983,
  pages =	 {69-81}
}

@Article{Bra:87,
  title =	 {On dominations between measures of dependence},
  volume =	 23,
  number =	 2,
  journal =	 {Journal of Multivariate Analysis},
  author =	 {Richard C. Bradley and Wlodzimierz Bryc and Svante
                  Janson},
  year =	 1987,
  pages =	 {312-329}
}

@Article{Bry:82,
  title =	 {On the approximation theorem of Berkes and Philipp},
  volume =	 15,
  journal =	 {Demonstratio Mathematica},
  author =	 {Wlodzimierz Bryc},
  year =	 1982,
  pages =	 {807-815}
}

@TechReport{BuD:95,
  title =	 {{WaveLab} and Reproducible Research},
  author =	 {Buckheit, Jonathan B. and Donoho, David L.},
  institution =	 {Stanford University},
  type =	 {Technical Report},
  number =	 474,
  year =	 1995
}

@Article{CCP:05,
  title =	 {Empirical exchange rate models of the nineties: Are
                  any fit to survive?},
  volume =	 24,
  number =	 7,
  journal =	 {Journal of International Money and Finance},
  author =	 {{Yin-Wong} Cheung and Menzie D. Chinn and Antonio
                  Garcia Pascual},
  month =	 nov,
  year =	 2005,
  keywords =	 {Exchange {rates,Forecasting} {performance,Interest}
                  rate {parity,Monetary}
                  {model,Productivity,Purchasing} power parity},
  pages =	 {1150-1175}
}

@Article{CCS:01,
  title =	 {An out of sample test for {Granger} causality},
  volume =	 5,
  number =	 4,
  journal =	 {Macroeconomic Dynamics},
  author =	 {John C. Chao and Valentina Corradi and Norman
                  R. Swanson},
  year =	 2001,
  pages =	 {598-620}
}

@Unpublished{CHetc:07,
  title =	 {Asymptotic distribution of {JIVE} in a
                  heteroskedastic {IV} regression with many
                  parameters},
  author =	 {John C. Chao and J.A. Hausman and W.K. Newey and
                  N.R. Swanson and T. Woutersen},
  month =	 nov,
  year =	 2007,
  note =	 {Working Paper},
  keywords =	 {heteroskedasticity,instrumental
                  {variables,Jackknife} estimation,many
                  instruments,weak instruments}
}

@Unpublished{CHetc:08,
  title =	 {Instrumental variable estimation with
                  heteroskedasticity and many instruments},
  author =	 {J. Chao and J.A. Hausman and W.K. Newey and
                  N.R. Swanson and T. Woutersen},
  year =	 2008,
  note =	 {Working Paper}
}

@Book{CaB:02,
  author =	 {George Casella and Roger L. Berger},
  title =	 {Statistical Inference},
  publisher =	 {Duxbury},
  year =	 2002,
  edition =	 {2nd}
}

@Article{CaT:08,
  author =	 {Campbell, John Y. and Thompson, Samuel B.},
  title =	 {Predicting Excess Stock Returns Out of Sample: Can
                  Anything Beat the Historical Average?},
  journal =	 {Review of Financial Studies},
  volume =	 21,
  number =	 4,
  pages =	 {1509-1531},
  year =	 2008
}

@Unpublished{CaZ:11,
  author =	 {Gray Calhoun and Xiaoqing Zhou},
  title =	 {Optimal tests of equal finite sample predictive
                  ability},
  year =	 2011,
  note =	 {Unpublished Manuscript}
}

@Unpublished{CaZ:11b,
  author =	 {Gray Calhoun and Xiaoqing Zhou},
  title =	 {Supplemental Appendix for ``Optimal tests of equal
                  finite sample predictive ability''},
  year =	 2011,
  note =	 {Unpublished Manuscript}
}

@Manual{Cal:10b,
  title =	 {dbframe: An {R} to {SQL} interface},
  author =	 {Gray Calhoun},
  year =	 2010,
}

@Article{Cal:11c,
  title =	 {Hypothesis testing for linear regression when $k/n$
                  is large},
  author =	 {Gray Calhoun},
  journal =	 {Journal of Econometrics},
  volume =	 165,
  number =	 2,
  year =	 2011,
  pages =	 {163-174}
}

@Unpublished{Cal:11e,
  author =	 {Gray Calhoun},
  title =	 {A comment on ``{Stepwise} multiple testing as
                  formalized data snooping''},
  note =	 {Unpublished Manuscript},
  year =	 2011
}

@Manual{Cal:11g,
  title =	 {oosanalysis: Pseudo out-of-sample forecasting},
  author =	 {Gray Calhoun},
  year =	 2011
}

@TechReport{Cal:14,
  author =	 {Gray Calhoun},
  title =	 {Block bootstrap consistency under weak assumptions},
  type =	 {Working Paper},
  Institution =	 {Iowa State University},
  year =	 2014,
  number =	 11017
}

@Unpublished{Cal:14b,
  author =	 {Gray Calhoun},
  title =	 {Improved stepdown methods for asymptotic control of
                  generalized error rates},
  note =	 {Unpublished},
  year =	 2014
}

@Unpublished{Cal:15,
  title =	 {An asymptotically normal out-of-sample test based on
                  mixed estimation windows},
  author =	 {Gray Calhoun},
  year =	 2015,
  note =	 {Available at
                  \url{http://www.econ.iastate.edu/~gcalhoun}}
}

@Unpublished{Cal:15b,
  author =	 {Gray Calhoun},
  title =	 {Supplemental appendix for ``{A}n asymptotically
                  normal out-of-sample test based on mixed estimation
                  windows''},
  note =	 {Available at
                  \url{http://www.econ.iastate.edu/~gcalhoun}},
  year =	 2015
}

@Article{Cal:83,
  title =	 {Staggered prices in a utility-maximizing framework},
  volume =	 12,
  number =	 3,
  journal =	 {Journal of Monetary Economics},
  author =	 {G.A. Calvo},
  year =	 1983,
  pages =	 {383-398}
}

@Article{ChB:02,
  title =	 {Dimension asymptotics for generalised bootstrap in
                  linear regression},
  volume =	 54,
  journal =	 {Annals of the Institute of Statistical Mathematics},
  author =	 {S. Chatterjee and A. Bose},
  year =	 2002,
  pages =	 {367-381}
}

@Article{ChG:95,
  title =	 {Understanding the {Metropolis}-{Hastings} Algorithm},
  author =	 {Chib, Siddhartha and Greenberg, Edward},
  journal =	 {The American Statistician},
  volume =	 49,
  number =	 4,
  pages =	 {327-335},
  year =	 1995
}

@Article{ChL:01,
  title =	 {Weak convergence of the empirical process of
                  residuals in linear models with many parameters},
  volume =	 29,
  journal =	 {The Annals of Statistics},
  author =	 {G. Chen and R.A. Lockhart},
  month =	 jun,
  year =	 2001,
  pages =	 {748-762}
}

@Article{ChS:05,
  series =	 {Econometrica},
  title =	 {Consistent estimation with a large number of weak
                  instruments},
  volume =	 73,
  journal =	 {Econometrica},
  author =	 {J.C. Chao and N.R. Swanson},
  year =	 2005,
  pages =	 {1673-1692}
}

@Article{Che:05,
  title =	 {A note on {in-sample} and {out-of-sample} tests for
                  granger causality},
  volume =	 24,
  number =	 6,
  journal =	 {Journal of Forecasting},
  author =	 {S.S. Chen},
  year =	 2005,
  pages =	 {453-464}
}

@InCollection{Chi:10,
  title =	 {Comment on ``{C}an Parameter Instability Explain the
                  {Meese-Rogoff} Puzzle?''},
  booktitle =	 {{NBER} International Seminar on Macroeconomics 2009},
  author =	 {Menzie D. Chinn},
  editor =	 {Lucrezia Reichlin and Kenneth D. West},
  institution =	 {National Bureau of Economic Research},
  publisher =	 {University of Chicago Press},
  year =	 2010,
  pages =	 {174-179}
}

@Book{Chu:01,
  title =	 {A course in probability theory},
  author =	 {Chung, K.L.},
  year =	 2001,
  publisher =	 {Academic Press}
}

@InProceedings{ClK:92,
  title =	 {Electronic documents give reproducible research a
                  new meaning},
  author =	 {Claerbou, Jon F. and Karrenfach, Martin F.},
  booktitle =	 {1992 SEG Annual Meeting},
  year =	 1992
}

@Article{ClM:01,
  title =	 {Tests of equal forecast accuracy and encompassing
                  for nested models},
  volume =	 105,
  number =	 1,
  journal =	 {Journal of Econometrics},
  author =	 {Todd E. Clark and Michael W. {McCracken}},
  month =	 nov,
  year =	 2001,
  keywords =	 {{Causality,Forecast} {accuracy,Forecast}
                  encompassing},
  pages =	 {85-110}
}

@Article{ClM:05,
  title =	 {Evaluating direct multistep forecasts},
  volume =	 24,
  number =	 4,
  journal =	 {Econometric Reviews},
  author =	 {Todd E. Clark and Michael W. {McCracken}},
  year =	 2005,
  pages =	 369
}

@Article{ClM:05-2,
  title =	 {The power of tests of predictive ability in the
                  presence of structural breaks},
  volume =	 124,
  number =	 1,
  journal =	 {Journal of Econometrics},
  author =	 {Todd E. Clark and Michael W. {McCracken}},
  year =	 2005,
  pages =	 {1-31}
}

@Article{ClM:06,
  title =	 {The predictive content of the output gap for
                  inflation: resolving in-sample and out-of-sample
                  evidence},
  author =	 {Todd E. Clark and Michael W. {McCracken}},
  journal =	 {Journal of Money, Credit, and Banking},
  volume =	 38,
  number =	 5,
  pages =	 {1127-1148},
  year =	 2006,
  publisher =	 {The Ohio State University Press}
}

@Article {ClM:09c,
  author =	 {Clark, Todd E. and {McCracken}, Michael W.},
  title =	 {Improving forecast accuracy by combining recursive
                  and rolling forecasts},
  journal =	 {International Economic Review},
  volume =	 50,
  number =	 2,
  publisher =	 {Blackwell Publishing Inc},
  pages =	 {363-395},
  year =	 2009
}

@TechReport{ClM:11b,
  author =	 {Todd E. Clark and Michael W. {McCracken}},
  title =	 {Tests of equal forecast accuracy for overlapping
                  models},
  year =	 2011,
  institution =	 {Federal Reserve Bank of Cleveland},
  type =	 {Working Paper},
  number =	 {11-21}
}

@InCollection{ClM:11c,
  author =	 {Todd E. Clark and Michael W. {McCracken}},
  title =	 {Testing for unconditional predictive ability},
  pages =	 {415-440},
  editor =	 {Michael P. Clements and David F. Hendry},
  booktitle =	 {A Companion to Economic Forecasting},
  year =	 2002,
  publisher =	 {Blackwell},
  chapter =	 14
}

@TechReport{ClM:11d,
  author =	 {Todd E. Clark and Michael W. {McCracken}},
  title =	 {Nested forecast model comparisons: a new approach to
                  testing equal accuracy},
  year =	 2011,
  institution =	 {Federal Reserve Bank of Kansas City},
  type =	 {Research Working Paper},
  number =	 {RWP 09-11}
}

@Article{ClM:12,
  author =	 {Todd E. Clark and Michael W. {McCracken}},
  title =	 {In-sample tests of predictive ability: a new
                  approach},
  year =	 2012,
  journal =	 {Journal of Econometrics},
  volume =	 170,
  number =	 1,
  pages =	 {1-14}
}

@Article{ClM:12b,
  author =	 {Clark, Todd E. and {McCracken}, Michael W.},
  title =	 {Reality checks and nested forecast model
                  comparisons},
  journal =	 {Journal of Business and Economic Statistics},
  volume =	 30,
  number =	 1,
  year =	 2012,
  pages =	 {53-66}
}

@incollection{ClM:13,
  title =	 {Advances in Forecast Evaluation},
  booktitle =	 {Handbook of Economic Forecasting},
  author =	 {Clark, Todd E. and McCracken, Michael W.},
  volume =	 2,
  publisher =	 {North Holland},
  year =	 2013,
  pages =	 {1107-1201},
}

@Article{ClW:06,
  title =	 {Using {out-of-sample} mean squared prediction errors
                  to test the martingale difference hypothesis},
  volume =	 135,
  number =	 1,
  journal =	 {Journal of Econometrics},
  author =	 {Todd E. Clark and Kenneth D. West},
  year =	 2006,
  pages =	 {155-186}
}

@Article{ClW:07,
  title =	 {Approximately normal tests for equal predictive
                  accuracy in nested models},
  volume =	 138,
  number =	 1,
  journal =	 {Journal of Econometrics},
  author =	 {Todd E. Clark and Kenneth D. West},
  month =	 may,
  year =	 2007,
  keywords =	 {{Causality,Efficient} {markets,Out} of
                  {sample,Principle} of {parsimony,Random}
                  {walk,Testing}},
  pages =	 {291-311}
}

@Article{Cla:04,
  title =	 {Can {out-of-sample} forecast comparisons help
                  prevent overfitting?},
  volume =	 23,
  number =	 2,
  journal =	 {Journal of Forecasting},
  author =	 {Todd E. Clark},
  year =	 2004,
  pages =	 {115-139}
}

@Book{Cle:93,
  title =	 {Visualizing data},
  author =	 {Cleveland, William S.},
  year =	 1993,
  publisher =	 {Hobart Press}
}

@Book{Cle:94,
  title =	 {Elements of graphing data},
  author =	 {Cleveland, William S.},
  year =	 1994,
  publisher =	 {Hobart Press},
  edition =	 {2nd}
}

@InCollection{CoD:11,
  author =	 {Valentina Corradi and Walter Distaso},
  title =	 {Multiple forecast model evaluation},
  pages =	 {391-414},
  editor =	 {Michael P. Clements and David F. Hendry},
  booktitle =	 {Oxford Handbook of Economic Forecasting},
  year =	 2011,
  publisher =	 {Oxford University Press},
  chapter =	 13
}

@Article{CoS:02,
  title =	 {A consistent test for nonlinear out of sample
                  predictive accuracy},
  volume =	 110,
  number =	 2,
  journal =	 {Journal of Econometrics},
  author =	 {Valentina Corradi and Norman R. Swanson},
  month =	 oct,
  year =	 2002,
  pages =	 {353-381}
}

@Article{CoS:04,
  title =	 {Some recent developments in predictive accuracy
                  testing with nested models and (generic) nonlinear
                  alternatives},
  volume =	 20,
  number =	 2,
  journal =	 {International Journal of Forecasting},
  author =	 {Valentina Corradi and Norman R. Swanson},
  year =	 2004,
  pages =	 {185-199}
}

@InCollection{CoS:06,
  title =	 {Predictive density evaluation},
  author =	 {Valentina Corradi and Norman R. Swanson},
  chapter =	 5,
  pages =	 {197-284},
  booktitle =	 {Handbook of Economic Forecasting},
  volume =	 1,
  editor =	 {Graham Elliott and Clive Granger and Allan
                  Timmermann},
  publisher =	 {Elsevier},
  year =	 2006
}

@Article {CoS:07,
  author =	 {Corradi, Valentina and Swanson, Norman R.},
  title =	 {Nonparametric bootstrap procedures for predictive
                  inference based on recursive estimation schemes},
  journal =	 {International Economic Review},
  volume =	 48,
  year =	 2007,
  pages =	 {67-109}
}

@Article{Coc:08,
  author =	 {Cochrane, John H.},
  title =	 {{The Dog That Did Not Bark: A Defense of Return
                  Predictability}},
  journal =	 {Review of Financial Studies},
  volume =	 21,
  number =	 4,
  pages =	 {1533-1575},
  year =	 2008
}

@Book{DMS:02,
  editor =	 {Herold Dehling and Thomas Mikosch and Michael
                  S{\o}rensen},
  title =	 {Empirical Process Techniques for Dependent Data},
  booktitle =	 {Empirical Process Techniques for Dependent Data},
  publisher =	 {Birkh\"auser},
  year =	 2002
}

@InCollection{DPP:03,
  author =	 {Arif Dowla and Efstathios Paparoditis and Dimitris
                  N. Politis},
  title =	 {Locally Stationary Processes and the {Local} {Block}
                  {Bootstrap}},
  booktitle =	 {Recent Advances and Trends in Nonparametric
                  Statistics},
  pages =	 {437-444},
  publisher =	 {Elsevier (North Holland)},
  year =	 2003,
  editor =	 {Michael G. Akritas and Dimitris N. Politis}
}

@Article{DSetc:07,
  title =	 {On the fit of new keynesian models},
  volume =	 25,
  journal =	 {Journal of Business \& Economic Statistics},
  author =	 {Marco Del Negro and Frank Schorfheide and Frank
                  Smets and Rafael Wouters},
  month =	 apr,
  year =	 2007,
  pages =	 {123-143}
}

@Unpublished{DaJ:98,
  title =	 {Consistency of {Newey-West} type estimators with
                  truncated kernels},
  note =	 {Working Paper},
  author =	 {James Davidson and Robert M. de Jong},
  year =	 1998
}

@Manual{Dah:09,
  title =	 {xtable: Export tables to LaTeX or HTML},
  author =	 {David B. Dahl},
  year =	 2009,
  note =	 {R package version 1.5-6, available at
                  \url{http://cran.r-project.org/package=xtable}}
}

@article{Dah:11,
  title =	 {Discussion: Bootstrap methods for dependent data: A
                  review},
  author =	 {Rainer Dahlhaus},
  journal =	 {Journal of the Korean Statistical Society},
  year =	 2011,
  volume =	 40,
  number =	 4,
  pages =	 {379-381},
  publisher =	 {Elsevier}
}

@Article{Dav:02,
  title =	 {Hypothesis Testing When a Nuisance Parameter Is
                  Present Only under the Alternative: Linear Model
                  Case},
  author =	 {Davies, Robert B.},
  journal =	 {Biometrika},
  volume =	 89,
  number =	 2,
  pages =	 {484-489},
  language =	 {English},
  year =	 2002,
  publisher =	 {Biometrika Trust}
}

@Article{Dav:87,
  title =	 {Hypothesis Testing when a Nuisance Parameter is
                  Present Only Under the Alternatives},
  author =	 {Davies, Robert B.},
  journal =	 {Biometrika},
  volume =	 74,
  number =	 1,
  pages =	 {33-43},
  language =	 {English},
  year =	 1987,
  publisher =	 {Biometrika Trust},
}

@Article{Dav:92,
  title =	 {A central limit theorem for globally nonstationary
                  {near-epoch} dependent functions of mixing
                  processes},
  volume =	 8,
  number =	 3,
  journal =	 {Econometric Theory},
  author =	 {James Davidson},
  month =	 sep,
  year =	 1992,
  pages =	 {313-329}
}

@Article{Dav:93,
  title =	 {An {$L_1$-Convergence} theorem for heterogeneous
                  mixingale arrays with trending moments},
  volume =	 16,
  number =	 4,
  journal =	 {Statistics \& Probability Letters},
  author =	 {James Davidson},
  month =	 mar,
  year =	 1993,
  pages =	 {301-304}
}

@Book{Dav:94,
  series =	 {Advanced Texts in Econometrics},
  title =	 {Stochastic Limit Theory: An Introduction for
                  Econometricians},
  shorttitle =	 {Stochastic Limit Theory},
  publisher =	 {Oxford University Press},
  author =	 {James Davidson},
  year =	 1994,
  pages =	 568
}

@Article{DeP:04,
  title =	 {Coupling for {$\tau$-dependent} sequences and
                  applications},
  volume =	 17,
  journal =	 {Journal of Theoretical Probability},
  author =	 {J. Dedecker and C. Prieur},
  year =	 2004,
  pages =	 {861-885}
}

@Article{DeP:05,
  title =	 {New dependence coefficients. Examples and
                  applications to statistics},
  volume =	 132,
  journal =	 {Probability Theory and Related Fields},
  author =	 {J. Dedecker and C. Prieur},
  year =	 2005,
  pages =	 {203-236}
}

@Article{Deh:83,
  title =	 {A note on a theorem of Berkes and Philipp},
  volume =	 62,
  number =	 1,
  journal =	 {Probability Theory and Related Fields},
  author =	 {Harold Dehling},
  year =	 1983,
  pages =	 {39-42}
}

@Article{DiM:95,
  title =	 {Comparing predictive accuracy},
  volume =	 13,
  number =	 3,
  journal =	 {Journal of Business and Economic Statistics},
  author =	 {Francis X. Diebold and Roberto S. Mariano},
  year =	 1995,
  pages =	 {253-263}
}

@Article{DoH:11,
  title =	 {A new test for linear inequality constraints when
                  the variance covariance matrix depends on the
                  unknown parameters},
  journal =	 {Economics Letters},
  volume =	 {In Press, Accepted Manuscript},
  year =	 2011,
  author =	 {Stephen G. Donald and Yu-Chin Hsu},
  keywords =	 {Hypothesis testing},
  keywords =	 {Multivariate nonlinear one-sided tests},
  keywords =	 {Nonlinear inequality constraints tests}
}

@book{Dou:94,
  title =	 {Mixing: properties and examples},
  author =	 {Doukhan, Paul},
  year =	 1994,
  publisher =	 {Springer New York}
}

@Article{EKT:05,
  author =	 {Graham Elliott and Ivana Komunjer and Allan
                  Timmermann},
  title =	 {Estimation and testing of forecast rationality under
                  flexible loss},
  journal =	 {The Review of Economic Studies},
  year =	 2005,
  volume =	 72,
  number =	 4,
  pages =	 {1107-1125}
}

@Article{ERS:96,
  title =	 {Efficient Tests for an Autoregressive Unit Root},
  author =	 {Elliott, Graham and Rothenberg, Thomas J. and Stock,
                  James H.},
  journal =	 {Econometrica},
  volume =	 64,
  number =	 4,
  pages =	 {813-836},
  year =	 1996,
}

@Article{Eag:75,
  title =	 {Martingale convergence to mixtures of infinitely
                  divisible laws},
  volume =	 3,
  journal =	 {The Annals of Probability},
  author =	 {G.K. Eagleson},
  year =	 1975,
  pages =	 {557-562}
}

@Book{Eat:07,
  author =	 {Morris L. Eaton},
  title =	 {Multivariate statistics: a vector space approach},
  publisher =	 {Institute of Mathematical Statistics},
  year =	 2007,
  series =	 {Lecture Notes--Monograph Series},
  address =	 {Beachwood, Ohio},
  volume =	 53
}

@Article{EfG:83,
  title =	 {A Leisurely Look at the Bootstrap, the Jackknife,
                  and Cross-Validation},
  author =	 {Efron, Bradley and Gong, Gail},
  journal =	 {The American Statistician},
  volume =	 37,
  number =	 1,
  pages =	 {36-48},
  year =	 1983
}

@Article{Efr:04,
  title =	 {The estimation of prediction error: covariance
                  penalties and {cross-validation}},
  volume =	 99,
  number =	 467,
  journal =	 {Journal of the American Statistical Association},
  author =	 {Bradley Efron},
  month =	 sep,
  year =	 2004,
  pages =	 {619-632}
}

@Article{Efr:86,
  title =	 {How biased is the apparent error rate of a
                  prediction rule?},
  volume =	 81,
  journal =	 {Journal of the American Statistical Association},
  author =	 {Bradley Efron},
  year =	 1986,
  pages =	 {461-470}
}

@Article{Efr:86b,
  title =	 {Why Isn't Everyone a {Bayesian}?},
  author =	 {Efron, Bradley},
  journal =	 {The American Statistician},
  volume =	 40,
  number =	 1,
  pages =	 {1-5},
  year =	 1986
}

@Article{EiT:96,
  title =	 {Testing the adequacy of smooth transition
                  autoregressive models},
  journal =	 {Journal of Econometrics},
  volume =	 74,
  number =	 1,
  pages =	 {59-75},
  year =	 1996,
  author =	 {{\O}yvind Eitrheim and Timo Ter{\"a}svirta}
}

@Article{Eic:63,
  title =	 {Central limit theorems for families of sequences of
                  random variables},
  volume =	 34,
  journal =	 {The Annals of Mathematical Statistics},
  author =	 {F. Eicker},
  month =	 jun,
  year =	 1963,
  pages =	 {439-446}
}

@Article{Eic:63b,
  title =	 {Asymptotic normality and consistency of the least
                  squares estimators for families of linear
                  regressions},
  volume =	 34,
  number =	 2,
  journal =	 {The Annals of Mathematical Statistics},
  author =	 {F. Eicker},
  year =	 1963,
  pages =	 {447-456}
}

@Book{EnM:94,
  editor =	 {Robert F. Engle and Daniel L. McFadden},
  publisher =	 {Elsevier},
  year =	 1994,
  volume =	 4,
  title =	 {Handbook of Econometrics}
}

@Article{EnW:05,
  title =	 {Exchange Rates and Fundamentals},
  volume =	 113,
  number =	 3,
  journal =	 {Journal of Political Economy},
  author =	 {Charles Engel and Kenneth D. West},
  month =	 jun,
  year =	 2005,
  pages =	 {485-517}
}

@InCollection{Eng:84,
  title =	 {{Wald}, likelihood ratio, and {Lagrange} multiplier
                  tests in econometrics},
  booktitle =	 {Handbook of Econometrics},
  crossref =	 {GrI:84},
  pages =	 {775-826},
  author =	 {Robert F. Engle}
}

@Article{EvL:05,
  title =	 {{Meese-Rogoff} redux: {micro-based} {exchange-rate}
                  forecasting},
  volume =	 95,
  copyright =	 {c American Economic Association},
  number =	 2,
  journal =	 {American Economic Review},
  author =	 {Martin D.D. Evans and Richard K. Lyons},
  month =	 may,
  year =	 2005,
  pages =	 {405-414}
}

@Article{Eva:97,
  title =	 {Partial differential equations and
                  {Monge-Kantorovich} mass transfer},
  journal =	 {Current Developments in Mathematics},
  author =	 {L.C. Evans},
  year =	 1997,
  pages =	 {65-126}
}

@Article{FRW:03,
  author =	 {Jon Faust and John H. Rogers and Jonathan H. Wright},
  title =	 {Exchagne rate forecasting: the errors we've really
                  made},
  journal =	 {Journal of International Economics},
  year =	 2003,
  volume =	 60,
  number =	 1,
  pages =	 {35-59}
}

@Book{FUS:10,
  title =	 {Multivariate Statistics: High-Dimensional and
                  Large-Sample Approximations},
  author =	 {Yasunori Fujikoshi and Vladimir V. Ulyanov and
                  Ryoichi Shimizu},
  year =	 2010,
  series =	 {Wiley series in Probability and Statistics},
  publisher =	 {Wiley}
}

@Article{FZZ:01,
  title =	 {Generalized Likelihood Ratio Statistics and {Wilks}
                  Phenomenon},
  author =	 {Fan, Jianqing and Zhang, Chunming and Zhang, Jian},
  journal =	 {The Annals of Statistics},
  volume =	 29,
  number =	 1,
  pages =	 {153-193},
  year =	 2001
}

@Article{FaL:06,
  title =	 {Statistical challenges with high dimensionality:
                  feature selection in knowledge discovery},
  author =	 {J. Fan and R. Li},
  month =	 feb,
  year =	 2006
}

@Article{FaP:04,
  title =	 {Nonconcave penalized likelihood with a diverging
                  number of parameters},
  journal =	 {Annals of Statistics},
  author =	 {J. Fan and H. Peng},
  year =	 2004,
  volume =	 32,
  number =	 3,
  pages =	 {928-961}
}

@Manual{FeE:05,
  title =	 {Publication quality tables in LaTeX},
  author =	 {Simon Fear and Danie Els},
  year =	 2005,
  note =	 {Version 1.61}
}

@Article{Fis:26,
  author =	 {R.A. Fisher},
  title =	 {The arrangement of field experiments},
  journal =	 {Journal of the Ministry of Agriculture of Great
                  Britain},
  year =	 1926,
  volume =	 33,
  pages =	 {503-513}
}

@Book{Fri:06,
  title =	 {Mastering regular expressions},
  author =	 {Friedl, Jeffry E.F.},
  year =	 2006,
  edition =	 {3rd},
  publisher =	 {O'Reilly Media}
}

@Article{GHF:08,
  title =	 {{MANOVA} for large hypothesis degrees of freedom
                  under non-normality},
  volume =	 17,
  journal =	 {{TEST}},
  author =	 {A. Gupta and S. Harrar and Y. Fujikoshi},
  month =	 may,
  year =	 2008,
  pages =	 {120-137}
}

@Article{GRS:08,
  title =	 {Nowcasting: The real-time informational content of
                  macroeconomic data},
  journal =	 {Journal of Monetary Economics},
  volume =	 55,
  number =	 4,
  pages =	 {665-676},
  year =	 2008,
  author =	 {Domenico Giannone and Lucrezia Reichlin and David
                  Small}
}

@Article{GeT:07,
  author =	 {Gentleman, Robert and Temple Lang, Duncan},
  title =	 {Statistical Analyses and Reproducible Research},
  journal =	 {Journal of Computational and Graphical Statistics},
  volume =	 16,
  number =	 1,
  pages =	 {1-23},
  year =	 2007
}

@article{Gem:80,
  title =	 {A limit theorem for the norm of random matrices},
  author =	 {Geman, Stuart},
  journal =	 {The Annals of Probability},
  volume =	 8,
  number =	 2,
  pages =	 {252-261},
  year =	 1980,
}

@Book{Ges:10,
  author =	 {Keith Gessen},
  title =	 {Diary of a Very Bad Year: Confessions of an
                  Anonymous Hedge Fund Manager},
  publisher =	 {Harper Perennial},
  year =	 2010
}

@Article{GiR:09,
  title =	 {Detecting and predicting forecast breakdowns},
  author =	 {Raffaella Giacomini and Barbara Rossi},
  journal =	 {Review of Economic Studies},
  volume =	 76,
  number =	 2,
  pages =	 {669-705},
  year =	 2009,
  publisher =	 {Blackwell Publishing Ltd}
}

@Article{GiR:10,
  title =	 {Forecast comparisons in unstable environments},
  author =	 {Raffaella Giacomini and Barbara Rossi},
  journal =	 {Journal of Applied Econometrics},
  volume =	 25,
  number =	 4,
  pages =	 {595-620},
  year =	 2010
}

@Article{GiW:06,
  title =	 {Tests of conditional predictive ability},
  volume =	 74,
  number =	 6,
  journal =	 {Econometrica},
  author =	 {Raffaella Giacomini and Halbert White},
  year =	 2006,
  pages =	 {1545-1578}
}

@InCollection{Gia:10,
  title =	 {Comment on ``{Can} Parameter Instability Explain the
                  {Meese-Rogoff} Puzzle?''},
  booktitle =	 {{NBER} International Seminar on Macroeconomics 2009},
  author =	 {Domenico Giannone},
  editor =	 {Lucrezia Reichlin and Kenneth D. West},
  institution =	 {National Bureau of Economic Research},
  publisher =	 {University of Chicago Press},
  year =	 2010,
  pages =	 {180-190}
}

@InCollection{Gia:11,
  author =	 {Rafaella Giacomini},
  title =	 {Testing conditional predictive ability},
  pages =	 {441-456},
  editor =	 {Michael P. Clements and David F. Hendry},
  booktitle =	 {Oxford Handbook of Economic Forecasting},
  year =	 2011,
  publisher =	 {Oxford University Press},
  chapter =	 15
}

@Article{Gil:00,
  author =	 {Gilbert, P.D.},
  year =	 2000,
  title =	 {A note on the computation of time series model
                  roots},
  journal =	 {Applied Economics Letters},
  volume =	 7,
  pages =	 {423-424}
}

@Manual{Gil:06,
  title =	 {Brief User's Guide: Dynamic Systems Estimation},
  author =	 {Gilbert, P.D.},
  year =	 2006
}

@TechReport{Gil:93,
  author =	 {Gilbert, P.D.},
  title =	 {State Space and {ARMA} Models: An Overview of the
                  Equivalence},
  institution =	 {Bank of Canada},
  address =	 {Ottawa, Canada},
  type =	 {Working Paper},
  number =	 {93-4},
  year =	 1993
}

@Article{Gil:95,
  author =	 {Gilbert, P.D.},
  year =	 1995,
  title =	 {Combining {VAR} Estimation and State Space Model
                  Reduction for Simple Good Predictions},
  journal =	 {Journal of Forecasting},
  volume =	 14,
  pages =	 {229-250}
}

@Article{GoJ:03,
  title =	 {Consistency of the stationary bootstrap under weak
                  moment conditions},
  journal =	 {Economics Letters},
  volume =	 81,
  number =	 2,
  pages =	 {273-278},
  year =	 2003,
  author =	 {S{\'\i}lvia Gon{\c c}alves and Robert M. de Jong}
}

@Article{GoK:07,
  author =	 {S{\'\i}lvia Gon{\c c}alves and Lutz Kilian},
  title =	 {Asymptotic and boostrap inference for {AR($\infty$)}
                  processes with conditional heteroskedasticity},
  journal =	 {Econometric Reviews},
  year =	 2007,
  volume =	 26,
  number =	 6,
  pages =	 {609-641}
}

@Article{GoK:96,
  title =	 {Second-Order Correctness of the Blockwise Bootstrap
                  for Stationary Observations},
  author =	 {Gotze, F. and Kunsch, H.R.},
  journal =	 {The Annals of Statistics},
  volume =	 24,
  year =	 1996,
  number =	 5,
  pages =	 {1914-1933}
}

@article{GoP:11,
  title =	 {Discussion: Bootstrap methods for dependent data: A
                  review},
  author =	 {S{\'\i}lvia Gon{\c c}alves and Dimitris Politis},
  journal =	 {Journal of the Korean Statistical Society},
  year =	 2011,
  volume =	 40,
  number =	 4,
  pages =	 {383-386},
  publisher =	 {Elsevier}
}

@Article{GoR:07,
  title =	 {International financial adjustment},
  volume =	 115,
  number =	 4,
  journal =	 {Journal of Political Economy},
  author =	 {{Pierre‐Olivier} Gourinchas and H\'el\`ene Rey},
  year =	 2007,
  pages =	 {665-703}
}

@Article{GoT:03,
  title =	 {Optimal prediction for linear regression with
                  infinitely many parameters},
  journal =	 {Journal of Multivariate Analysis},
  volume =	 84,
  number =	 1,
  pages =	 {40-60},
  year =	 2003,
  author =	 {Alexander Goldenshluger and Alexandre Tsybakov}
}

@Article{GoW:02,
  title =	 {The Bootstrap of the Mean for Dependent
                  Heterogeneous Arrays},
  author =	 {S{\'\i}lvia Gon{\c c}alves and Halbert White},
  journal =	 {Econometric Theory},
  volume =	 18,
  number =	 6,
  pages =	 {1367-1384},
  year =	 2002
}

@article{GoW:03,
  title =	 {Predicting the equity premium with dividend ratios},
  author =	 {Goyal, Amit and Welch, Ivo},
  journal =	 {Management Science},
  volume =	 49,
  number =	 5,
  pages =	 {639-654},
  year =	 2003,
}

@Article{GoW:08,
  author =	 {Goyal, Amit and Welch, Ivo},
  title =	 {A Comprehensive Look at The Empirical Performance of
                  Equity Premium Prediction},
  journal =	 {Review of Financial Studies},
  volume =	 21,
  number =	 4,
  pages =	 {1455-1508},
  year =	 2008
}

@Article{Gog:94,
  title =	 {Convergence in distribution of conditional
                  expectations},
  volume =	 22,
  number =	 2,
  journal =	 {The Annals of Probability},
  author =	 {Eimear M Goggin},
  month =	 apr,
  year =	 1994,
  pages =	 {1097-1114}
}

@Book{GrI:84,
  editor =	 {Zvi Griliches and Michael D. Intriligator},
  publisher =	 {Elsevier},
  title =	 {Handbook of Econometrics},
  year =	 1984,
  volume =	 2
}

@Article{Gra:01,
  title =	 {Testing for causality: A personal viewpoint},
  volume =	 2,
  journal =	 {Essays in Econometrics: Collected Papers of Clive
                  {WJ} Granger},
  author =	 {C.W.J. Granger},
  year =	 2001,
  pages =	 {329-352}
}

@Book{Gre:12,
  author =	 {William H. Greene},
  title =	 {Econometric Analysis},
  publisher =	 {Prentice Hall},
  year =	 2012,
  edition =	 {7th}
}

@Book{GuN:00,
  title =	 {Matrix variate distributions},
  author =	 {Gupta, A.K. and Nagar, D.K.},
  volume =	 104,
  year =	 2000,
  series =	 {Monographs and Surveys in Pure and Applied
                  Mathematics},
  publisher =	 {Chapman \& Hall/CRC}
}

@Article{HHK:10,
  title =	 {Testing the predictive ability of technical analysis
                  using a new stepwise test without data snooping
                  bias},
  journal =	 {Journal of Empirical Finance},
  volume =	 17,
  number =	 3,
  pages =	 {471-484},
  year =	 2010,
  author =	 {Po-Hsuan Hsu and Yu-Chin Hsu and Chung-Ming Kuan},
  keywords =	 {Data snooping},
  keywords =	 {Exchange traded funds},
  keywords =	 {Reality check},
  keywords =	 {SPA test},
  keywords =	 {Stepwise test},
  keywords =	 {Technical trading rules}
}

@Article{HHN:08,
  title =	 {Estimation with many instrumental variables},
  volume =	 26,
  journal =	 {Journal of Business \& Economic Statistics},
  author =	 {Christian Hansen and Jerry Hausman and Whitney
                  Newey},
  month =	 sep,
  year =	 2008,
  pages =	 {398-422}
}

@Article{HLN:11,
  author =	 {Peter R. Hansen and Asger Lunde and James M. Nason},
  title =	 {The Model Confidence Set},
  journal =	 {Econometrica},
  year =	 2011,
  volume =	 79,
  number =	 2,
  pages =	 {453-497}
}

@Article{HLN:98,
  title =	 {Tests for forecast encompassing},
  volume =	 16,
  number =	 2,
  journal =	 {Journal of Business \& Economic Statistics},
  author =	 {David I Harvey and Stephen J Leybourne and Paul
                  Newbold},
  month =	 apr,
  year =	 1998,
  pages =	 {254-259}
}

@Article{HLT:98,
  title =	 {General-Equilibrium Treatment Effects: A Study of
                  Tuition Policy},
  author =	 {Heckman, James J. and Lochner, Lance and Taber,
                  Christopher},
  journal =	 {The American Economic Review},
  volume =	 88,
  number =	 2,
  pages =	 {381-386},
  year =	 1998
}

@Article{HMN:05,
  title =	 {Geometric representation of high dimension, low
                  sample size data},
  volume =	 67,
  journal =	 {Journal of the Royal Statistical Society: Series B
                  {(Statistical} Methodology)},
  author =	 {P. Hall and J.S. Marron and A. Neeman},
  month =	 jun,
  year =	 2005,
  pages =	 {427-444}
}

@Book{HTF:08,
  edition =	 {2nd},
  title =	 {The elements of statistical learning},
  publisher =	 {Springer},
  author =	 {Trevor Hastie and Robert Tibshirani and Jerome
                  Friedman},
  year =	 2008,
  pages =	 763
}

@Article{HaG:07,
  title =	 {Asymptotic expansion for the null distribution of
                  the F-statistic in one-way {ANOVA} under
                  non-normality},
  volume =	 59,
  journal =	 {Annals of the Institute of Statistical Mathematics},
  author =	 {S. Harrar and A. Gupta},
  year =	 2007,
  pages =	 {531-556}
}

@Book{HaH:80,
  title =	 {Martingale limit theory and its application},
  publisher =	 {Academic Press},
  author =	 {Peter Hall and C.C. Heyde},
  year =	 1980,
  pages =	 308
}

@Article{HaP:06,
  title =	 {{GMM} with many moment conditions},
  volume =	 74,
  number =	 1,
  journal =	 {Econometrica},
  author =	 {C. Han and Peter C.B. Phillips},
  year =	 2006,
  pages =	 {147-192}
}

@Unpublished{HaT:11,
  author =	 {Hansen, Peter Reinhard and Timmermann, Allan},
  title =	 {Choice of sample split in out-of-sample forecast
                  evaluation},
  note =	 {Unpublished manuscript},
  year =	 11
}

@Article{Haf:79,
  title =	 {An identity for the {Wishart} distribution with
                  applications},
  author =	 {Haff, L.R.},
  journal =	 {Journal of Multivariate Analysis},
  volume =	 9,
  number =	 4,
  pages =	 {531-544},
  year =	 1979,
  publisher =	 {Elsevier}
}

@Article{Hah:02,
  title =	 {Optimal inference with many instruments},
  volume =	 18,
  number =	 01,
  journal =	 {Econometric Theory},
  author =	 {Jinyong Hahn},
  year =	 2002,
  pages =	 {140-168}
}

@Article{Hal:70,
  title =	 {How to write mathematics},
  author =	 {Halmos, Paul E.},
  journal =	 {L'Enseignement Math\'{e}matique},
  volume =	 16,
  year =	 1970,
  pages =	 {9-152}
}

@Article{Hal:84,
  title =	 {Central limit theorem for integrated square error of
                  multivariate nonparametric density estimators},
  volume =	 14,
  number =	 1,
  journal =	 {Journal of Multivariate Analysis},
  author =	 {Peter Hall},
  year =	 1984,
  pages =	 {1-16}
}

@Book{Hal:92,
  title =	 {The bootstrap and {Edgeworth} expansion},
  author =	 {Hall, Peter},
  year =	 1992,
  publisher =	 {Springer-Verlag, New York},
  series =	 {Springer Series in Statistics}
}

@book{Ham:94,
  title =	 {Time Series Analysis},
  author =	 {Hamilton, James Douglas},
  year =	 1994,
  publisher =	 {Princeton University Press}
}

@Article{Han:05,
  title =	 {A test for superior predictive ability},
  author =	 {Peter Reinhard Hansen},
  journal =	 {Journal of Business and Economic Statistics},
  volume =	 23,
  number =	 4,
  pages =	 {365-380},
  year =	 2005,
  publisher =	 {ASA}
}

@Misc{Han:09,
  title =	 {{In-sample} and {out-of-sample} fit: their joint
                  distribution and its implications for model
                  selection},
  author =	 {Peter Hansen},
  year =	 2009
}

@Article{Han:96,
  jstor_articletype ={research-article},
  title =	 {Inference When a Nuisance Parameter Is Not
                  Identified Under the Null Hypothesis},
  author =	 {Hansen, Bruce E.},
  journal =	 {Econometrica},
  volume =	 64,
  number =	 2,
  pages =	 {413-430},
  year =	 1996
}

@Manual{Har:10,
  title =	 {Harrell Miscellaneous},
  author =	 {Frank E. {Harrell Jr.}},
  year =	 2010,
  note =	 {R package version 3.8-2}
}

@Book{Hay:00,
  author =	 {Fumio Hayashi},
  title =	 {Econometrics},
  publisher =	 {Princeton University Press},
  year =	 2000
}

@Article{HeS:00,
  title =	 {On parameters of increasing dimensions},
  volume =	 73,
  journal =	 {Journal of Multivariate Analysis},
  author =	 {X. He and {Q.-M.} Shao},
  month =	 apr,
  year =	 2000,
  keywords =	 {asymptotic approximation,exponential
                  inequality,increasing dimension,linear
                  regression,logistic
                  regression,M-estimator,self-normalization,spatial
                  median},
  pages =	 {120-135}
}

@incollection{HoH:88,
  title =	 {Controlled uncertainty},
  author =	 {Hommel, Gerhard and Hoffmann, T.},
  booktitle =	 {Multiple Hypotheses Testing},
  pages =	 {154-161},
  year =	 1988,
  publisher =	 {Springer}
}

@Article{Hol:79,
  title =	 {A Simple Sequentially Rejective Multiple Test
                  Procedure},
  author =	 {Holm, Sture},
  journal =	 {Scandinavian Journal of Statistics},
  volume =	 6,
  number =	 2,
  jstor_formatteddate =1979,
  pages =	 {65-70},
  year =	 1979
}

@Article{Hor:01,
  title =	 {The Bootstrap},
  author =	 {Horowitz, Joel L.},
  journal =	 {Handbook of Econometrics},
  volume =	 5,
  pages =	 {3159-3228},
  year =	 2001,
  publisher =	 {Elsevier}
}

@article{Hor:11,
  title =	 {Discussion: Bootstrap methods for dependent data: A
                  review},
  author =	 {Joel L. Horowitz},
  journal =	 {Journal of the Korean Statistical Society},
  year =	 2011,
  volume =	 40,
  number =	 4,
  pages =	 {387-389},
  publisher =	 {Elsevier}
}

@Article {HuW:10,
  author =	 {Hubrich, Kirstin and West, Kenneth D.},
  title =	 {Forecast evaluation of small nested model sets},
  journal =	 {Journal of Applied Econometrics},
  volume =	 25,
  number =	 4,
  pages =	 {574-594},
  year =	 2010
}

@Article{Hub:73,
  title =	 {Robust regression: asymptotics, conjectures and
                  monte carlo},
  volume =	 1,
  number =	 5,
  journal =	 {The Annals of Statistics},
  author =	 {P.J. Huber},
  year =	 1973,
  pages =	 {799-821}
}

@Article{ImW:09,
  title =	 {Recent Developments in the Econometrics of Program
                  Evaluation},
  author =	 {Guido W. Imbens and Jeffrey M. Wooldridge},
  journal =	 {Journal of Economic Literature},
  volume =	 47,
  number =	 1,
  pages =	 {5-86},
  year =	 2009,
  publisher =	 {American Economic Association}
}

@Article{InK:04,
  title =	 {{In-sample} or {out-of-sample} tests of
                  predictability: which one should we use?},
  volume =	 23,
  number =	 4,
  journal =	 {Econometric Reviews},
  author =	 {Atsushi Inoue and Lutz Kilian},
  year =	 2004,
  pages =	 {371-402}
}

@Article{InK:06,
  title =	 {On the selection of forecasting models},
  volume =	 130,
  number =	 2,
  journal =	 {Journal of Econometrics},
  author =	 {Atsushi Inoue and Lutz Kilian},
  month =	 feb,
  year =	 2006,
  pages =	 {273-306}
}

@article{InK:13,
  title =	 {Inference on impulse response functions in
                  structural {VAR} models},
  author =	 {Inoue, Atsushi and Kilian, Lutz},
  journal =	 {Journal of Econometrics},
  volume =	 177,
  number =	 1,
  pages =	 {1-13},
  year =	 2013,
  publisher =	 {Elsevier}
}

@TechReport{InR:11,
  author =	 {Atsushi Inoue and Barbara Rossi},
  title =	 {Out-of-sample forecast tests robust to the window
                  size choice},
  institution =	 {Duke University},
  year =	 2011,
  type =	 {ERID Working Paper},
  number =	 94
}

@Book{Ip:10,
  author =	 {Greg Ip},
  title =	 {The Little Book of Economics},
  publisher =	 {Wiley},
  year =	 2010
}

@Manual{Jam:10,
  title =	 {RSQLite: SQLite interface for R},
  author =	 {David A. James},
  year =	 2010,
}

@article{JeM:11,
  title =	 {Discussion: Bootstrap methods for dependent data: A
                  review},
  author =	 {Carsten Jentsch and Enno Mammen},
  journal =	 {Journal of the Korean Statistical Society},
  year =	 2011,
  volume =	 40,
  number =	 4,
  pages =	 {391-392},
  publisher =	 {Elsevier}
}

@Article{Jia:96,
  title =	 {{REML} estimation: asymptotic behavior and related
                  topics},
  volume =	 24,
  journal =	 {Annals of Statistics},
  author =	 {J. Jiang},
  year =	 1996,
  pages =	 {255-286}
}

@Article{JoB:94,
  title =	 {On the limit behavior of a {chi-square} type test if
                  the number of conditional moments tested approaches
                  infinity},
  volume =	 10,
  number =	 1,
  journal =	 {Econometric Theory},
  author =	 {Robert M. de Jong and H.J. Bierens},
  month =	 mar,
  year =	 1994,
  pages =	 {70-90}
}

@Article{JoD:00,
  title =	 {Consistency of kernel estimators of heteroscedastic
                  and autocorrelated covariance matrices},
  volume =	 68,
  number =	 2,
  journal =	 {Econometrica},
  author =	 {Robert M. de Jong and James Davidson},
  year =	 2000,
  pages =	 {407-423}
}

@Article{JoD:00b,
  jstor_articletype ={research-article},
  title =	 {The Functional Central Limit Theorem and Weak
                  Convergence to Stochastic Integrals {I}: Weakly
                  Dependent Processes},
  author =	 {de Jong, Robert M. and Davidson, James},
  journal =	 {Econometric Theory},
  volume =	 16,
  number =	 5,
  pages =	 {621-642},
  year =	 2000,
}

@Article{JoJ:97,
  title =	 {Literate programming using noweb},
  author =	 {Johnson, Andrew L. and Johnson, Brad C.},
  journal =	 {Linux Journal},
  volume =	 42,
  pages =	 {64-69},
  year =	 1997,
  publisher =	 {Specialized Systems Consultants, Inc.}
}

@Article{Joh:01,
  title =	 {On the distribution of the largest eigenvalue in
                  principal components analysis},
  author =	 {Johnstone, Iain M},
  journal =	 {The Annals of statistics},
  volume =	 29,
  number =	 2,
  pages =	 {295-327},
  year =	 2001,
}

@Article{Jon:78,
  title =	 {Nonlinear Autoregressive Processes},
  author =	 {Jones, D.A.},
  journal =	 {Proceedings of the Royal Society of London. Series
                  A.},
  volume =	 360,
  number =	 1700,
  pages =	 {71-95},
  year =	 1978
}

@Article{Jon:87,
  title =	 {A central limit theorem for generalized quadratic
                  forms},
  volume =	 75,
  journal =	 {Probability Theory and Related Fields},
  author =	 {Peter de Jong},
  month =	 jun,
  year =	 1987,
  pages =	 {261-277}
}

@Article{Jon:97,
  title =	 {Central limit theorems for dependent heterogeneous
                  random variables},
  volume =	 13,
  number =	 3,
  journal =	 {Econometric Theory},
  author =	 {Robert M. de Jong},
  year =	 1997,
  pages =	 {353-367}
}

@TechReport{KMS:09,
  author =	 {Vladimir Kuzin and Massimiliano Giuseppe Marcellino
                  and Christian Schumacher},
  title =	 {Pooling versus Model Selection for Nowcasting with
                  Many Predictors: An Application to {German} {GDP}},
  institution =	 {CEPR},
  year =	 2009,
  type =	 {Discussion Paper},
  number =	 {DP7197}
}

@Article{KMS:10,
  title =	 {{MIDAS} vs. mixed-frequency {VAR}: Nowcasting {GDP}
                  in the euro area},
  journal =	 {International Journal of Forecasting},
  volume =	 {In Press},
  year =	 2010,
  author =	 {Vladimir Kuzin and Massimiliano Marcellino and
                  Christian Schumacher}
}

@Book{KeR:88,
  title =	 {The C programming language},
  author =	 {Kernighan, Brian W. and Ritchie, Dennis M.},
  year =	 1988,
  publisher =	 {Prentice Hall},
  edition =	 {2nd}
}

@Article{Kea:10,
  author =	 {Keane, Michael P.},
  title =	 {A Structural Perspective on the Experimentalist
                  School},
  journal =	 {Journal of Economic Perspectives},
  volume =	 24,
  number =	 2,
  year =	 2010,
  pages =	 {47-58}
}

@Article{KiT:03,
  title =	 {Why is it so difficult to beat the random walk
                  forecast of exchange rates?},
  volume =	 60,
  number =	 1,
  journal =	 {Journal of International Economics},
  author =	 {Lutz Kilian and Mark P. Taylor},
  month =	 may,
  year =	 2003,
  pages =	 {85-107}
}

@article{Kil:98,
  title =	 {Small-Sample Confidence Intervals for Impulse
                  Response Functions},
  author =	 {Kilian, Lutz},
  journal =	 {The Review of Economics and Statistics},
  volume =	 80,
  number =	 2,
  pages =	 {218-230},
  year =	 1998,
  publisher =	 {The MIT Press},
}

@Book{KlZ:08,
  author =	 {Christian Kleiber and Achim Zeileis},
  title =	 {Applied Econometrics with R},
  publisher =	 {Springer},
  year =	 2008
}

@Article{Knu:84,
  title =	 {Literate Programming},
  author =	 {Knuth, Donald E.},
  journal =	 {The Computer Journal},
  volume =	 51,
  pages =	 {97-111},
  year =	 1984,
  publisher =	 {Addison-Wesley}
}

@Article{KoM:99,
  title =	 {{GMM} inference when the number of moment conditions
                  is large},
  volume =	 93,
  number =	 2,
  journal =	 {Journal of Econometrics},
  author =	 {Roger Koenker and Jose A.F. Machado},
  month =	 dec,
  year =	 1999,
  pages =	 {327-344}
}

@article{KrP:11,
  title =	 {Bootstrap methods for dependent data: A review},
  author =	 {Kreiss, Jens-Peter and Paparoditis, Efstathios},
  journal =	 {Journal of the Korean Statistical Society},
  year =	 2011,
  volume =	 40,
  number =	 4,
  pages =	 {357-378},
  publisher =	 {Elsevier}
}

@article{KrP:11b,
  title =	 {Rejoinder: Bootstrap methods for dependent data: A
                  review},
  author =	 {Jens-Peter Kreiss and Efstathios Paparoditis},
  journal =	 {Journal of the Korean Statistical Society},
  year =	 2011,
  volume =	 40,
  number =	 4,
  pages =	 {393-395},
  publisher =	 {Elsevier}
}

@Book{KrW:09,
  author =	 {Paul Krugman and Robin Wells},
  title =	 {Macroeconomics},
  publisher =	 {Worth},
  year =	 2009,
  edition =	 {Second}
}

@Article{Kun:80,
  title =	 {Asymptotic Expansions of the Distributions of
                  Estimators in a Linear Functional Relationship and
                  Simultaneous Equations},
  author =	 {Kunitomo, Naoto},
  journal =	 {Journal of the American Statistical Association},
  volume =	 75,
  number =	 371,
  pages =	 {693-700},
  year =	 1980
}

@Article{Kun:89,
  title =	 {The Jackknife and the Bootstrap for General
                  Stationary Observations},
  author =	 {Kunsch, Hans R.},
  journal =	 {The Annals of Statistics},
  volume =	 17,
  number =	 3,
  pages =	 {1217-1241},
  year =	 1989,
}

@Article{LLW:03,
  title =	 {Efficiency of projected score methods in rectangular
                  array asymptotics},
  volume =	 65,
  journal =	 {Journal of the Royal Statistical Society. Series B
                  {(Statistical} Methodology)},
  author =	 {Haihong Li and Bruce G. Lindsay and Richard
                  P. Waterman},
  year =	 2003,
  pages =	 {191-208}
}

@Article{LSC:02,
  author =	 {L'{Ecuyer}, Pierre and Simard, Richard and Chen,
                  E. Jack and Kelton, W. David},
  title =	 {An object-oriented random number package with many
                  long streams and substreams},
  journal =	 {Operations Research},
  year =	 2002,
  volume =	 50,
  number =	 6,
  pages =	 {1073-1075}
}

@Article{LST:88,
  title =	 {Testing Linearity Against Smooth Transition
                  Autoregressive Models},
  author =	 {Luukkonen, Ritva and Saikkonen, Pentti and
                  Ter{\"a}svirta, Timo},
  journal =	 {Biometrika},
  volume =	 75,
  number =	 3,
  pages =	 {491-499},
  year =	 1988,
}

@Article{Lad:79,
  title =	 {Artistic research tools for scientific minds},
  author =	 {Ladd, George W.},
  journal =	 {American Journal of Agricultural Economics},
  pages =	 {1-11},
  year =	 1979
}

@Article{Lah:99,
  title =	 {Theoretical Comparisons of Block Bootstrap Methods},
  author =	 {Lahiri, S.N.},
  journal =	 {The Annals of Statistics},
  volume =	 27,
  number =	 1,
  pages =	 {386-404},
  year =	 1999
}

@Book{LeC:98,
  title =	 {Theory of point estimation},
  author =	 {Lehmann, E.L. and Casella, G.},
  series =	 {Springer texts in statistics},
  year =	 1998,
  edition =	 {2nd},
  publisher =	 {Springer Verlag}
}

@Article{LeL:01,
  title =	 {Consumption, aggregate wealth, and expected stock
                  returns},
  volume =	 56,
  journal =	 {The Journal of Finance},
  author =	 {Martin Lettau and Sydney Ludvigson},
  month =	 jun,
  year =	 2001,
  pages =	 {815-849}
}

@article{LeN:08,
  author =	 {Lettau, Martin and Van Nieuwerburgh, Stijn},
  title =	 {Reconciling the Return Predictability Evidence},
  volume =	 21,
  number =	 4,
  pages =	 {1607-1652},
  year =	 2008,
  journal =	 {Review of Financial Studies}
}

@Article{LeP:05,
  title =	 {Model Selection and Inference: Facts and Fiction},
  author =	 {Leeb, Hannes and P{\" o}tscher, Benedikt M.},
  journal =	 {Econometric Theory},
  volume =	 21,
  number =	 1,
  pages =	 {21-59},
  year =	 2005
}

@Book{LeR:05,
  title =	 {Testing statistical hypotheses},
  author =	 {Lehmann, Erich L. and Romano, Joseph P.},
  series =	 {Springer texts in statistics},
  year =	 2005,
  edition =	 {3rd},
  publisher =	 {Springer Verlag}
}

@Article{LeR:05b,
  title =	 {Generalizations of the familywise error rate},
  author =	 {Lehmann, E.L. and Romano, Joseph P},
  year =	 2005,
  journal =	 {Annals of Statistics},
  volume =	 33,
  pages =	 {1138-1154}
}

@Article{LeR:92,
  title =	 {A sensitivity analysis of {cross-country} growth
                  regressions},
  volume =	 82,
  number =	 4,
  journal =	 {The American Economic Review},
  author =	 {Ross Levine and David Renelt},
  month =	 sep,
  year =	 1992,
  pages =	 {942-963}
}

@Article{Lea:10,
  author =	 {Leamer, Edward E.},
  title =	 {Tantalus on the Road to Asymptopia},
  journal =	 {Journal of Economic Perspectives},
  volume =	 24,
  number =	 2,
  year =	 2010,
  pages =	 {31-46}
}

@Article{Lec:99,
  author =	 {L'{Ecuyer}, Pierre},
  title =	 {Good parameters and implementations for combined
                  multiple recursvie random number generators},
  journal =	 {Operations Research},
  year =	 1999,
  volume =	 47,
  number =	 1,
  pages =	 {159-164}
}

@Article{Lee:08,
  title =	 {Evaluation and selection of models for out-of-sample
                  prediction when the sample size is small relative to
                  the complexity of the data-generating process},
  author =	 {Leeb, Hannes},
  journal =	 {Bernoulli},
  volume =	 14,
  number =	 3,
  pages =	 {661-690},
  year =	 2008,
  publisher =	 {Bernoulli Society for Mathematical Statistics and
                  Probability}
}

@Article{Lee:09,
  title =	 {Conditional predictive inference post model
                  selection},
  author =	 {Leeb, Hannes},
  journal =	 {Annals of Statistics},
  volume =	 37,
  number =	 {5B},
  pages =	 {2838-2876},
  year =	 2009
}

@InProceedings{Lei:02,
  author =	 {Friedrich Leisch},
  title =	 {{Sweave}: Dynamic Generation of Statistical Reports
                  Using Literate Data Analysis},
  booktitle =	 {Compstat 2002 --- Proceedings in Computational
                  Statistics},
  pages =	 {575-580},
  year =	 2002,
  editor =	 {Wolfgang H{\"a}rdle and Bernd R{\"o}nz},
  publisher =	 {Physica Verlag, Heidelberg}
}

@InCollection{LiS:92,
  author =	 {Liu, Regina Y. and Singh, Kesar},
  title =	 {Moving blocks {Jackknife} and {Bootsrap} capture
                  weak dependence},
  booktitle =	 {Exploring the Limits of Bootstrap},
  pages =	 {225-248},
  publisher =	 {John Wiley, New York},
  year =	 1992,
  editor =	 {LePage, Raoul and Billard, Lynne}
}

@InCollection{LuT:02,
  author =	 {Stefan Lundbergh and Timo Ter{\"a}svirta},
  title =	 {Forecasting with smooth transition autoregressive
                  models},
  chapter =	 21,
  pages =	 {485-509},
  editor =	 {Michael P. Clements and David F. Hendry},
  booktitle =	 {A Companion to Economic Forecasting},
  year =	 2002,
  publisher =	 {Blackwell}
}

@Book{Lut:09,
  title =	 {Learning Python},
  author =	 {Lutz, Mark},
  year =	 2009,
  publisher =	 {O'Reilly Media},
  edition =	 {4th}
}

@Article{Lut:99,
  author =	 {Kilian, Lutz},
  title =	 {Exchange Rates and Monetary Fundamentals: What Do We
                  Learn from Long-Horizon Regressions?},
  journal =	 {Journal of Applied Econometrics},
  year =	 1999,
  volume =	 14,
  number =	 5,
  pages =	 {491-510}
}

@Article{MaC:97,
  author =	 {Nelson C. Mark and Doo-Yull Choi},
  title =	 {Real exchange-rate prediction over long horizons},
  journal =	 {Journal of International Economics},
  year =	 1997,
  volume =	 43,
  number =	 {1-2},
  pages =	 {29-60}
}

@Article{MaS:10,
  title =	 {Factor MIDAS for Nowcasting and Forecasting with
                  Ragged-Edge Data: A Model Comparison for {German}
                  {GDP}},
  author =	 {Massimiliano Marcellino and Christian Schumacher},
  journal =	 {Oxford Bulletin of Economics and Statistics},
  volume =	 72,
  number =	 4,
  pages =	 {518-550},
  year =	 2010
}

@Article {Mac:06,
  author =	 {MacKinnon, James G.},
  title =	 {Bootstrap Methods in Econometrics},
  journal =	 {Economic Record},
  volume =	 82,
  pages =	 {S2--S18},
  year =	 2006
}

@Article{Mal:73,
  title =	 {Some Comments on $c_P$},
  volume =	 15,
  journal =	 {Technometrics},
  author =	 {C.L. Mallows},
  month =	 feb,
  year =	 1973,
  pages =	 {661-675}
}

@Article{Mam:96,
  title =	 {Empirical process of residuals for
                  {high-dimensional} linear models},
  volume =	 24,
  number =	 1,
  journal =	 {The Annals of Statistics},
  author =	 {Enno Mammen},
  year =	 1996,
  pages =	 {307-335}
}

@Book{Man:07,
  title =	 {Identification for prediction and decision},
  author =	 {Manski, Charles F.},
  year =	 2007,
  publisher =	 {Harvard University Press}
}

@Article{Mar:95,
  author =	 {Nelson C. Mark},
  title =	 {Exchange rates and fundamentals: Evidence on
                  long-horizon predictability},
  journal =	 {American Economic Review},
  year =	 1995,
  volume =	 85,
  number =	 1,
  pages =	 {201-218}
}

@InCollection{McW:02,
  title =	 {Inference about predictive ability},
  author =	 {McCracken, Michael W. and West, Kenneth D.},
  chapter =	 21,
  pages =	 {299-321},
  editor =	 {Michael P. Clements and David F. Hendry},
  booktitle =	 {A Companion to Economic Forecasting},
  year =	 2002,
  publisher =	 {Blackwell}
}

@Article{Mcc:00,
  title =	 {Robust out-of-sample inference},
  volume =	 99,
  number =	 2,
  journal =	 {Journal of Econometrics},
  author =	 {Michael W. {McCracken}},
  year =	 2000,
  pages =	 {195-223}
}

@Article{Mcc:07,
  title =	 {Asymptotics for out of sample tests of {Granger}
                  causality},
  volume =	 140,
  number =	 2,
  journal =	 {Journal of Econometrics},
  author =	 {Michael W. {McCracken}},
  month =	 oct,
  year =	 2007,
  pages =	 {719-752}
}

@Article{Mcc:83,
  title =	 {The Rhetoric of Economics},
  author =	 {McCloskey, Donald N.},
  journal =	 {Journal of Economic Literature},
  volume =	 21,
  number =	 2,
  pages =	 {481-517},
  year =	 1983,
  publisher =	 {American Economic Association}
}

@Unpublished{Mcc:98,
  title =	 {Data mining and {out-of-sample} inference},
  note =	 {Manuscript, Louisiana State University},
  author =	 {Michael W. {McCracken}},
  year =	 1998
}

@Article{Mcl:74,
  title =	 {Dependent central limit theorems and invariance
                  principles},
  volume =	 2,
  number =	 4,
  journal =	 {The Annals of Probability},
  author =	 {D.L. {McLeish}},
  month =	 aug,
  year =	 1974,
  pages =	 {620-628}
}

@Article{Mcl:75,
  title =	 {A maximal inequality and dependent strong laws},
  volume =	 3,
  number =	 5,
  journal =	 {The Annals of Probability},
  author =	 {D.L. {McLeish}},
  month =	 oct,
  year =	 1975,
  pages =	 {829-839}
}

@Article{Mcl:75b,
  title =	 {Invariance principles for dependent variables},
  volume =	 32,
  journal =	 {Probability Theory and Related Fields},
  author =	 {D.L. {McLeish}},
  year =	 1975,
  pages =	 {165-178}
}

@Article{Mcl:77,
  title =	 {On the invariance principle for nonstationary
                  mixingales},
  volume =	 5,
  number =	 4,
  journal =	 {The Annals of Probability},
  author =	 {D.L. {McLeish}},
  month =	 aug,
  year =	 1977,
  pages =	 {616-621}
}

@InCollection{MeP:02,
  author =	 {Florence Merlev\`ede and Magda Peligrad},
  title =	 {On the coupling of dependent random variables and
                  applications},
  editor =	 {Herold Dehling and Thomas Mikosch and Michael
                  S{\o}rensen},
  booktitle =	 {Empirical Process Techniques for Dependent Data},
  publisher =	 {Birkh\"auser},
  year =	 2002,
  pages =	 {171-193}
}

@Article{MeR:83,
  title =	 {Empirical exchange rate models of the seventies: do
                  they fit out of sample?},
  volume =	 14,
  number =	 {1-2},
  journal =	 {Journal of International Economics},
  author =	 {Richard A. Meese and Kenneth Rogoff},
  month =	 feb,
  year =	 1983,
  pages =	 {3-24}
}

@Article{Mer:03,
  title =	 {On the central limit theorem and its weak invariance
                  principle for strongly mixing sequences with values
                  in a hilbert space via martingale approximation},
  volume =	 16,
  number =	 3,
  journal =	 {Journal of Theoretical Probability},
  author =	 {Florence Merlev\`ede},
  month =	 jul,
  year =	 2003,
  pages =	 {625-653}
}

@Book{Mil:04,
  title =	 {The Chicago guide to writing about numbers},
  author =	 {Miller, Jane E.},
  year =	 2004,
  publisher =	 {University of Chicago Press}
}

@Book{Mil:05,
  title =	 {The Chicago guide to writing about multivariate
                  analysis},
  author =	 {Miller, Jane E.},
  year =	 2005,
  publisher =	 {University of Chicago Press}
}

@Article{MoK:80,
  title =	 {Improving the Maximum Likelihood Estimate in Linear
                  Functional Relationships for Alternative Parameter
                  Sequences},
  author =	 {Morimune, Kimio and Kunitomo, Naoto},
  journal =	 {Journal of the American Statistical Association},
  volume =	 75,
  number =	 369,
  pages =	 {230-237},
  year =	 1980
}

@Article{Mor:83,
  title =	 {Approximate Distributions of k-Class Estimators when
                  the Degree of Overidentifiability is Large Compared
                  with the Sample Size},
  author =	 {Morimune, Kimio},
  journal =	 {Econometrica},
  volume =	 51,
  number =	 3,
  pages =	 {821-841},
  year =	 1983
}

@InCollection{NeM:94,
  author =	 {Whitney K. Newey and Daniel L. McFadden},
  title =	 {Large Sample Estimation and Hypothesis Testing},
  pages =	 {2111-2245},
  volume =	 4,
  year =	 1994,
  booktitle =	 {Handbook of Econometrics},
  editor =	 {Robert F. Engle and Daniel L. McFadden},
  publisher =	 {Elsevier},
}

@Article{NeW:10,
  author =	 {Nevo, Aviv and Whinston, Michael D.},
  title =	 {Taking the Dogma out of Econometrics: Structural
                  Modeling and Credible Inference},
  journal =	 {Journal of Economic Perspectives},
  volume =	 24,
  number =	 2,
  year =	 2010,
  pages =	 {69-82}
}

@Article{NeW:87,
  title =	 {A simple, positive {semi-definite,}
                  heteroskedasticity and autocorrelation consistent
                  covariance matrix},
  volume =	 55,
  number =	 3,
  journal =	 {Econometrica},
  author =	 {Whitney K. Newey and Kenneth D. West},
  month =	 may,
  year =	 1987,
  pages =	 {703-708}
}

@Article{Nor:09,
  title =	 {A note on the stationary bootstrap's variance},
  author =	 {Nordman, D.J.},
  journal =	 {The Annals of Statistics},
  volume =	 37,
  number =	 1,
  pages =	 {359-370},
  year =	 2009,
  publisher =	 {Institute of Mathematical Statistics}
}

@Article{OlT:07,
  title =	 {The timing of monetary policy shocks},
  volume =	 97,
  journal =	 {The American Economic Review},
  author =	 {Giovanni Olivei and Silvana Tenreyro},
  year =	 2007,
  pages =	 {636-663}
}

@Article{OrY:06,
  series =	 {Econometrics Journal},
  title =	 {The asymptotic distribution of the {F-test}
                  statistic for individual effects},
  volume =	 9,
  journal =	 {Econometrics Journal},
  author =	 {Chris D. Orme and Takashi Yamagata},
  year =	 2006,
  pages =	 {404-422}
}

@Article{OrY:07,
  title =	 {A Simple heteroskedasticity and nonnormality robust
                  {F-test} for individual effects},
  journal =	 {Working Paper},
  author =	 {Chris D. Orme and Takashi Yamagata},
  month =	 feb,
  year =	 2007
}

@Article{PPW:09,
  title =	 {Correction to ``{A}utomatic block-length selection
                  for the dependent bootstrap'' by {D}. {P}olitis and
                  {H}. {W}hite},
  author =	 {Patton, Andrew J. and Politis, Dimitris N. and
                  White, Halbert},
  journal =	 {Econometric Reviews},
  volume =	 28,
  number =	 4,
  pages =	 {372-375},
  year =	 2009
}

@article{PaP:01,
  title =	 {Tapered block bootstrap},
  author =	 {Paparoditis, Efstathios and Politis, Dimitris N},
  journal =	 {Biometrika},
  volume =	 88,
  number =	 4,
  pages =	 {1105-1119},
  year =	 2001,
  publisher =	 {Biometrika Trust}
}

@Article{PaP:02,
  title =	 {Local block bootstrap},
  author =	 {Paparoditis, E. and Politis, D.N.},
  journal =	 {Comptes Rendus Mathematique},
  volume =	 335,
  number =	 11,
  pages =	 {959-962},
  year =	 2002,
  publisher =	 {Elsevier}
}

@article{PaP:02b,
  title =	 {The tapered block bootstrap for general statistics
                  from stationary sequences},
  author =	 {Paparoditis, Efstathios and Politis, Dimitris},
  journal =	 {The Econometrics Journal},
  volume =	 5,
  number =	 1,
  pages =	 {131-148},
  year =	 2002,
  publisher =	 {Wiley Online Library}
}

@Article{PaT:07,
  title =	 {Properties of optimal forecasts under asymmetric
                  loss and nonlinearity},
  journal =	 {Journal of Econometrics},
  volume =	 140,
  number =	 2,
  pages =	 {884-918},
  year =	 2007,
  author =	 {Andrew J. Patton and Allan Timmermann}
}

@Article{PaT:07b,
  author =	 {Patton, Andrew J and Timmermann, Allan},
  title =	 {Testing Forecast Optimality Under Unknown Loss},
  journal =	 {Journal of the American Statistical Association},
  volume =	 102,
  number =	 480,
  pages =	 {1172-1184},
  year =	 2007,
}

@Article{PeT:05,
  title =	 {Real-time econometrics},
  author =	 {M. Hashem Pesaran and Allan Timmermann},
  journal =	 {Econometric Theory},
  volume =	 21,
  number =	 01,
  pages =	 {212-231},
  year =	 2005,
  publisher =	 {Cambridge University Press}
}

@Article{PeT:07,
  title =	 {Selection of estimation window in the presence of
                  breaks},
  journal =	 {Journal of Econometrics},
  volume =	 137,
  number =	 1,
  pages =	 {134-161},
  year =	 2007,
  author =	 {M. Hashem Pesaran and Allan Timmermann},
}

@Article{PeT:92,
  title =	 {A Simple Nonparametric Test of Predictive
                  Performance},
  author =	 {Pesaran, M. Hashem and Timmermann, Allan},
  journal =	 {Journal of Business and Economic Statistics},
  volume =	 10,
  number =	 4,
  pages =	 {461-465},
  year =	 1992,
  publisher =	 {American Statistical Association}
}

@Article{Pel:01,
  title =	 {A note on the uniform laws for dependent processes
                  via coupling},
  volume =	 14,
  number =	 4,
  journal =	 {Journal of Theoretical Probability},
  author =	 {Magda Peligrad},
  month =	 oct,
  year =	 2001,
  pages =	 {979-988}
}

@Article{Pel:02,
  title =	 {Some remarks on coupling of dependent random
                  variables},
  volume =	 60,
  number =	 2,
  journal =	 {Statistics \& Probability Letters},
  author =	 {Magda Peligrad},
  month =	 nov,
  year =	 2002,
  pages =	 {201-209}
}

@InCollection{Per:06,
  author =	 {Perron, Pierre},
  title =	 {Dealing with Structural Breaks},
  booktitle =	 {Palgrave Handbook of Econometrics},
  publisher =	 {Palgrave Macmillen},
  year =	 2006,
  editor =	 {Mills, Terrence C. and Patterson, Kerry},
  volume =	 1
}

@TechReport{Pin:11,
  author =	 {Pablo Pincheira},
  title =	 {A Bunch of Models, a Bunch of Nulls and Inference
                  About Predictive Ability},
  year =	 2011,
  institution =	 {Central Bank of Chile},
  type =	 {Working Paper},
  number =	 607
}

@InCollection{PoR:92,
  author =	 {Politis, Dimitris N. and Romano, Joseph P.},
  title =	 {A Circular Block Resampling Procedure for Stationary
                  Data},
  booktitle =	 {Exploring the Limits of Bootstrap},
  pages =	 {263-270},
  publisher =	 {John Wiley},
  year =	 1992,
  editor =	 {Page, R. and LePage, R.},
  address =	 {New York}
}

@Article{PoR:94,
  title =	 {The Stationary Bootstrap},
  author =	 {Politis, Dimitris N. and Romano, Joseph P.},
  journal =	 {Journal of the American Statistical Association},
  volume =	 89,
  number =	 428,
  jstor_formatteddate =1994,
  pages =	 {1303-1313},
  year =	 1994,
  publisher =	 {American Statistical Association}
}

@Article{PoW:04,
  title =	 {Automatic Block-Length Selection for the Dependent
                  Bootstrap},
  author =	 {Politis, Dimitris N. and White, Halbert},
  journal =	 {Econometric Reviews},
  volume =	 23,
  number =	 1,
  pages =	 {53-70},
  year =	 2004
}

@Book{Pol:45,
  title =	 {How to solve it},
  author =	 {Polya, George},
  publisher =	 {Princeton University Press},
  year =	 1945
}

@Article{Pol:85,
  title =	 {New ways to prove central limit theorems},
  volume =	 1,
  journal =	 {Econometric Theory},
  author =	 {David Pollard},
  month =	 dec,
  year =	 1985,
  pages =	 {295-313}
}

@Article{Por:84,
  title =	 {Asymptotic behavior of {$M$-estimators} of $p$
                  regression parameters when $p^2/n$ is
                  large. {I}. {Consistency}},
  volume =	 12,
  number =	 4,
  journal =	 {The Annals of Statistics},
  author =	 {Stephen Portnoy},
  year =	 1984,
  pages =	 {1298-1309}
}

@Article{Por:85,
  title =	 {Asymptotic behavior of {$M$-Estimators} of $p$
                  regression parameters when $p^2/n$ is large; {II}.
                  {Normal} approximation},
  volume =	 13,
  number =	 4,
  journal =	 {The Annals of Statistics},
  author =	 {Stephen Portnoy},
  year =	 1985,
  pages =	 {1403-1417}
}

@Article{Por:86,
  title =	 {On the central limit theorem in ${R}^p$ when
                  $p\to\infty$},
  volume =	 73,
  number =	 4,
  journal =	 {Probability Theory and Related Fields},
  author =	 {Stephen Portnoy},
  year =	 1986,
  pages =	 {571-583}
}

@Article{Por:86b,
  title =	 {Asymptotic behavior of the empiric distribution of
                  {$M$-Estimated} residuals from a regression model
                  with many parameters},
  volume =	 14,
  number =	 3,
  journal =	 {The Annals of Statistics},
  author =	 {Stephen Portnoy},
  month =	 sep,
  year =	 1986,
  pages =	 {1152-1170}
}

@Article{Por:87,
  title =	 {A central limit theorem applicable to robust
                  regression estimators},
  volume =	 22,
  number =	 1,
  journal =	 {Journal of Multivariate Analysis},
  author =	 {Stephen Portnoy},
  year =	 1987,
  pages =	 {24-50}
}

@Article{Por:88,
  title =	 {Asymptotic behavior of likelihood methods for
                  exponential families when the number of parameters
                  tends to infinity},
  volume =	 16,
  number =	 1,
  journal =	 {The Annals of Statistics},
  author =	 {Stephen Portnoy},
  month =	 mar,
  year =	 1988,
  pages =	 {356-366}
}

@Manual{R,
  title =	 {R: A Language and Environment for Statistical
                  Computing},
  author =	 {{R Development Core Team}},
  organization = {R Foundation for Statistical Computing,
                  \url{http://www.R-project.org/}},
  address =	 {Vienna, Austria},
  year =	 2011,
}

@Manual{R:ext,
  author =	 {{R Development Core Team}},
  title =	 {Writing R Extensions},
  organization = {R Foundation for Statistical Computing,
                  \url{http://cran.r-project.org/doc/manuals}},
  year =	 2011
}

@Article{RSW:08,
  author =	 {Joseph P. Romano and Azeem M. Shaikh and Michael
                  Wolf},
  title =	 {Formalized data snooping based on generalized error
                  rates},
  journal =	 {Econometric Theory},
  year =	 2008,
  volume =	 24,
  number =	 2,
  pages =	 {404-447}
}

@Article{RSW:10,
  author =	 {Romano, Joseph P. and Shaikh, Azeem M. and Wolf,
                  Michael},
  title =	 {Hypothesis Testing in Econometrics},
  journal =	 {Annual Review of Economics},
  volume =	 2,
  number =	 1,
  pages =	 {75-104},
  year =	 2010
}

@article{RaW:06,
  title =	 {In-sample vs. out-of-sample tests of stock return
                  predictability in the context of data mining},
  author =	 {Rapach, David E and Wohar, Mark E},
  journal =	 {Journal of Empirical Finance},
  volume =	 13,
  number =	 2,
  pages =	 {231-247},
  year =	 2006
}

@article{RaZ:12,
  title =	 {Forecasting stock returns},
  author =	 {Rapach, D and Zhou, Guofu},
  journal =	 {Handbook of Economic Forecasting},
  volume =	 2,
  pages =	 {327-384},
  year =	 2012,
  publisher =	 {Elsevier}
}

@article{Rad:96,
  title =	 {The bootstrap of the mean for strong mixing
                  sequences under minimal conditions},
  author =	 {Radulovi{\'c}, Dragan},
  journal =	 {Statistics \& probability letters},
  volume =	 28,
  number =	 1,
  pages =	 {65-72},
  year =	 1996,
  publisher =	 {Elsevier}
}

@Article{Ram:94,
  title =	 {Literate programming simplified},
  author =	 {Ramsey, Norman},
  journal =	 {Software, IEEE},
  volume =	 11,
  number =	 5,
  pages =	 {97-105},
  year =	 1994,
  publisher =	 {IEEE}
}

@Manual{Rde:10,
  title =	 {R: A Language and Environment for Statistical
                  Computing},
  author =	 {{R Development Core Team}},
  organization = {R Foundation for Statistical Computing,
                  \url{http://www.r-project.org}},
  address =	 {Vienna, Austria},
  year =	 2010,
}

@Article{Rio:95,
  title =	 {The functional law of the iterated logarithm for
                  stationary strongly mixing sequences},
  volume =	 23,
  journal =	 {The Annals of Probability},
  author =	 {Emmanuel Rio},
  year =	 1995,
  pages =	 {1188-1203}
}

@Article{RoS:11,
  author =	 {Barbara Rossi and Tatevik Sekhposyan},
  title =	 {Understanding models' forecasting performance},
  journal =	 {Journal of Econometrics},
  year =	 2011,
  volume =	 164,
  number =	 1,
  pages =	 {158-172}
}

@TechReport{RoS:11b,
  author =	 {Barbara Rossi and Tatevik Sekhposyan},
  title =	 {Forecast optimality tests in the presence of
                  instabilities},
  institution =	 {Duke University},
  year =	 2011,
  type =	 {ERID Working Paper},
  number =	 109
}

@Article {RoW:05,
  author =	 {Romano, Joseph P. and Wolf, Michael},
  title =	 {Stepwise Multiple Testing as Formalized Data
                  Snooping},
  journal =	 {Econometrica},
  volume =	 73,
  number =	 4,
  pages =	 {1237-1282},
  year =	 2005
}

@Article{RoW:06,
  author =	 {Joseph P. Romano and Michael Wolf},
  title =	 {Improved nonparametric confidence intervals in time
                  series regressions},
  journal =	 {Journal of Nonparametric Statistics},
  year =	 2006,
  volume =	 18,
  number =	 2,
  pages =	 {199-214}
}

@Article{RoW:07,
  title =	 {Control of Generalized Error Rates in Multiple
                  Testing},
  author =	 {Romano, Joseph P. and Wolf, Michael},
  journal =	 {The Annals of Statistics},
  volume =	 35,
  number =	 4,
  pages =	 {1378-1408},
  year =	 2007
}

@Article{Ros:05,
  title =	 {Testing {long-horizon} predictive ability with high
                  persistence, and the {Meese-Rogoff} puzzle},
  volume =	 46,
  number =	 1,
  journal =	 {International Economic Review},
  author =	 {Barbara Rossi},
  year =	 2005,
  pages =	 {61-92}
}

@Article{Ros:07,
  title =	 {Expectations hypotheses tests at long horizons},
  volume =	 10,
  number =	 3,
  journal =	 {Econometrics Journal},
  author =	 {Barbara Rossi},
  year =	 2007,
  pages =	 {554-579}
}

@Article{Rub:08,
  title =	 {For objective causal inference, design trumps
                  analysis},
  author =	 {Rubin, D.B.},
  journal =	 {The Annals of Applied Statistics},
  volume =	 2,
  number =	 3,
  pages =	 {808-840},
  year =	 2008,
  publisher =	 {Institute of Mathematical Statistics}
}

@Article{SDM:04,
  title =	 {Determinants of long-term growth: a {Bayesian}
                  Averaging of Classical Estimates {(BACE)} approach},
  volume =	 94,
  journal =	 {The American Economic Review},
  author =	 {Xavier X. {Sala-i-Martin} and Gernot Doppelhofer and
                  Ronald I. Miller},
  month =	 sep,
  year =	 2004,
  pages =	 {813-835}
}

@Book{SFP:09,
  title =	 {Learning Perl},
  author =	 {Schwartz, Randal L. and Foy, Brian D. and Phoenix,
                  Tom},
  year =	 2011,
  publisher =	 {O'Reilly Media},
  edition =	 {6th}
}

@Article{SMS:10,
  title =	 {{GNU} make manual},
  author =	 {Stallman, Richard M. and McGrath, Roland and Smith,
                  Paul D.},
  journal =	 {Free Software Foundation},
  volume =	 {3.82},
  year =	 2010
}

@Manual{SR:12,
  title =	 {rlecuyer: {R} interface to {RNG} with multiple
                  streams},
  author =	 {Hana Sevcikova and Tony Rossini},
  year =	 2012,
  note =	 {R package version 0.3-3, available at
                  \url{http://CRAN.R-project.org/package=rlecuyer}}
}

@article{STW:99c,
  title =	 {Data-snooping, technical trading rule performance,
                  and the bootstrap},
  author =	 {Sullivan, Ryan and Timmermann, Allan and White,
                  Halbert},
  journal =	 {The journal of Finance},
  volume =	 54,
  number =	 5,
  pages =	 {1647-1691},
  year =	 1999
}

@Article{SWY:02,
  journal =	 {Journal of Business \& Economic Statistics},
  title =	 {A survey of weak instruments and weak identification
                  in generalized method of moments},
  volume =	 20,
  number =	 4,
  journal =	 {Journal of Business \& Economic Statistics},
  author =	 {James H Stock and Jonathan H Wright and Motohiro
                  Yogo},
  year =	 2002,
  pages =	 {518-29}
}

@Article{Sal:97,
  title =	 {I just ran two million regressions},
  volume =	 87,
  number =	 2,
  journal =	 {The American Economic Review},
  author =	 {Xavier X. {Sala-i-Martin}},
  month =	 may,
  year =	 1997,
  pages =	 {178-183}
}

@Manual{Sar:10,
  title =	 {lattice: Lattice Graphics},
  author =	 {Deepayan Sarkar},
  year =	 2010,
  note =	 {R package version 0.18-5}
}

@Article{ScB:08,
  title =	 {Real-time forecasting of {German} {GDP} based on a
                  large factor model with monthly and quarterly data},
  journal =	 {International Journal of Forecasting},
  volume =	 24,
  number =	 3,
  pages =	 {386-398},
  year =	 2008,
  author =	 {Christian Schumacher and J{\"o}rg Breitung}
}

@Book{Sch:59,
  title =	 {The analysis of variance},
  publisher =	 {John Wiley \& Sons},
  author =	 {Henry Scheff\'e},
  year =	 1959
}

@Book{SeL:03,
  edition =	 {2nd},
  title =	 {Linear regression analysis},
  publisher =	 {{Wiley-Interscience}},
  author =	 {George Seber and Alan Lee},
  year =	 2003,
  pages =	 557
}

@Manual{SeR:09,
  title =	 {rlecuyer: R interface to RNG with multiple streams},
  author =	 {Hana Sevcikova and Tony Rossini},
  year =	 2009,
  note =	 {Available at
                  \url{http://cran.r-project.org/package=rlecuyer}}
}

@Manual{ShB:11:0.6.1,
  title =	 {{tikzDevice}: A Device for {R} Graphics Output in
                  {PGF}/{TikZ} Format},
  author =	 {Charlie Sharpsteen and Cameron Bracken},
  year =	 2011,
  note =	 {R package version 0.6.1, available at
                  \url{http://cran.r-project.org/package=tikzDevice}}
}

@article{Sha:10,
  title =	 {Extended tapered block bootstrap},
  author =	 {Shao, Xiaofeng},
  journal =	 {Statistica Sinica},
  volume =	 20,
  number =	 2,
  pages =	 {807-821},
  year =	 2010
}

@article{SiZ:99,
  title =	 {Error Bands for Impulse Responses},
  author =	 {Sims, Christopher A. and Zha, Tao},
  journal =	 {Econometrica},
  volume =	 67,
  number =	 5,
  pages =	 {1113-1155},
  year =	 1999,
  publisher =	 {The Econometric Society},
}

@Article{Sil76,
  jstor_articletype ={research-article},
  title =	 {Limit Theorems for Dissociated Random Variables},
  author =	 {Silverman, B.W.},
  journal =	 {Advances in Applied Probability},
  volume =	 8,
  number =	 4,
  pages =	 {806-819},
  year =	 1976
}

@Article{Sil:76,
  title =	 {Limit Theorems for Dissociated Random Variables},
  author =	 {Silverman, B.W.},
  journal =	 {Advances in Applied Probability},
  volume =	 8,
  number =	 4,
  pages =	 {806-819},
  year =	 1976
}

@article{Sil:85,
  title =	 {The smallest eigenvalue of a large dimensional
                  Wishart matrix},
  author =	 {Silverstein, Jack W and others},
  journal =	 {The Annals of Probability},
  volume =	 13,
  number =	 4,
  pages =	 {1364-1368},
  year =	 1985,
  publisher =	 {Institute of Mathematical Statistics}
}

@Article{Sim:10,
  author =	 {Sims, Christopher A.},
  title =	 {But Economics Is Not an Experimental Science},
  journal =	 {Journal of Economic Perspectives},
  volume =	 24,
  number =	 2,
  year =	 2010,
  pages =	 {59-68}
}

@Article{Sim:96,
  title =	 {Macroeconomics and Methodology},
  author =	 {Sims, Christopher A.},
  journal =	 {The Journal of Economic Perspectives},
  volume =	 10,
  number =	 1,
  pages =	 {105-120},
  year =	 1996
}

@TechReport{Son:09,
  year =	 2009,
  title =	 {Testing predictive ability and power
                  robustification},
  author =	 {Kevin Song},
  institution =	 {University of Pennsylvania},
  type =	 {PIER Working Paper}
}

@Article{StS:97,
  title =	 {Instrumental Variables Regression with Weak
                  Instruments},
  author =	 {Staiger, Douglas and Stock, James H.},
  journal =	 {Econometrica},
  volume =	 65,
  number =	 3,
  pages =	 {557-586},
  year =	 1997
}

@article{StW:01,
  author =	 {James H. Stock and Mark W. Watson},
  title =	 {Vector Autoregressions},
  journal =	 {Journal of Economic Perspectives},
  year =	 2001,
  volume =	 15,
  number =	 4,
  pages =	 {101-115},
  month =	 {Fall},
}

@Article{StW:02,
  author =	 {Stock, James H. and Watson, Mark W.},
  title =	 {Macroeconomic Forecasting Using Diffusion Indexes},
  journal =	 {Journal of Business and Economic Statistics},
  volume =	 20,
  number =	 2,
  pages =	 {147-162},
  year =	 2002
}

@Article{StW:02b,
  author =	 {Stock, James H. and Watson, Mark W.},
  title =	 {Forecasting Using Principal Components From a Large
                  Number of Predictors},
  journal =	 {Journal of the American Statistical Association},
  volume =	 97,
  number =	 460,
  pages =	 {1167-1179},
  year =	 2002
}

@Article{StW:03,
  title =	 {Forecasting output and inflation: the role of asset
                  prices},
  volume =	 41,
  number =	 3,
  journal =	 {Journal of Economic Literature},
  author =	 {James H. Stock and Mark W. Watson},
  year =	 2003,
  pages =	 {788-829}
}

@InCollection{StW:06,
  author =	 {James H. Stock and Mark W. Watson},
  title =	 {Forecasting with many predictors},
  pages =	 {515-554},
  booktitle =	 {Handbook of Economic Forecasting},
  volume =	 1,
  editor =	 {Graham Elliott and Clive Granger and Allan
                  Timmermann},
  publisher =	 {Elsevier},
  year =	 2006
}

@Article {StW:07,
  author =	 {Stock, James H. and Watson, Mark W.},
  title =	 {Why Has {U.S.} Inflation Become Harder to Forecast?},
  journal =	 {Journal of Money, Credit and Banking},
  volume =	 39,
  publisher =	 {Blackwell Publishing Inc},
  pages =	 {3-33},
  year =	 2007
}

@Unpublished{StW:08,
  address =	 {Boston Federal Reserve},
  title =	 {Phillips curve inflation forecasts},
  author =	 {James H. Stock and Mark W. Watson},
  month =	 jun,
  year =	 2008,
  note =	 {Working Paper}
}

@InCollection{StW:11,
  author =	 {Stock, James H. and Watson, Mark W.},
  title =	 {Dynamic Factor Models},
  editor =	 {Michael P. Clements and David F. Hendry},
  booktitle =	 {Oxford Handbook of Economic Forecasting},
  year =	 2011,
  publisher =	 {Oxford University Press},
  chapter =	 2
}

@Article{StW:99,
  title =	 {Forecasting inflation},
  volume =	 44,
  number =	 2,
  journal =	 {Journal of Monetary Economics},
  author =	 {James H. Stock and Mark W. Watson},
  month =	 oct,
  year =	 1999,
  pages =	 {293-335}
}

@Book{StW:99b,
  author =	 {William Strunk Jr. and E.B. White},
  title =	 {The Elements of Style},
  publisher =	 {Longman},
  year =	 1999,
  edition =	 {4th}
}

@Article{StY:05,
  title =	 {Asymptotic distributions of instrumental variable
                  statistics with many weak instruments},
  journal =	 {Identification and Inference for Econometric Models:
                  Essays in Honor of Thomas J. Rothenberg},
  author =	 {James H. Stock and M. Yogo},
  year =	 2005
}

@Article{Sto:10,
  author =	 {Stock, James H.},
  title =	 {The Other Transformation in Econometric Practice:
                  Robust Tools for Inference},
  journal =	 {Journal of Economic Perspectives},
  volume =	 24,
  number =	 2,
  year =	 2010,
  pages =	 {83-94}
}

@Article{Sto:74,
  title =	 {Cross-Validatory Choice and Assessment of
                  Statistical Predictions},
  author =	 {Stone, M.},
  journal =	 {Journal of the Royal Statistical Society. Series B
                  (Methodological)},
  volume =	 36,
  number =	 2,
  pages =	 {111-147},
  year =	 1974
}

@Article{Sto:77,
  title =	 {An Asymptotic Equivalence of Choice of Model by
                  Cross-Validation and {Akaike}'s Criterion},
  author =	 {Stone, M.},
  journal =	 {Journal of the Royal Statistical Society. Series B
                  (Methodological)},
  volume =	 39,
  number =	 1,
  jstor_formatteddate =1977,
  pages =	 {44-47},
  year =	 1977
}

@manual{Tan:10,
  title =	 {{TikZ} and {PGF} Manual for version 2.10},
  author =	 {Tantau, Till},
  year =	 2010
}

@Article{Tay:80,
  title =	 {Aggregate dynamics and staggered contracts},
  volume =	 88,
  copyright =	 {Copyright 1980 The University of Chicago Press},
  number =	 1,
  journal =	 {The Journal of Political Economy},
  author =	 {John B. Taylor},
  year =	 1980,
  pages =	 {1-23}
}

@InCollection{Ter:06,
  author =	 {Timo Ter{\"a}svirta},
  title =	 {Forecasting Economic Variables with Nonlinear
                  Models},
  pages =	 {413-458},
  booktitle =	 {Handbook of Economic Forecasting},
  volume =	 1,
  editor =	 {Graham Elliott and Clive Granger and Allan
                  Timmermann},
  publisher =	 {Elsevier},
  year =	 2006
}

@Article{Ter:94,
  jstor_articletype ={research-article},
  title =	 {Specification, Estimation, and Evaluation of Smooth
                  Transition Autoregressive Models},
  author =	 {Ter{\"a}svirta, Timo},
  journal =	 {Journal of the American Statistical Association},
  volume =	 89,
  number =	 425,
  pages =	 {208-218},
  year =	 1994
}

@Book{Tho:01,
  author =	 {Thomson, William},
  title =	 {A guide for the young economist},
  publisher =	 {MIT Press},
  year =	 2001
}

@article{Tib:96,
  title =	 {Regression Shrinkage and Selection via the Lasso},
  author =	 {Tibshirani, Robert},
  journal =	 {Journal of the Royal Statistical Society. Series B
                  (Methodological)},
  volume =	 58,
  number =	 1,
  pages =	 {267-288},
  year =	 1996,
}

@article{Tim:08,
  title =	 {Elusive return predictability},
  author =	 {Timmermann, Allan},
  journal =	 {International Journal of Forecasting},
  volume =	 24,
  number =	 1,
  pages =	 {1-18},
  year =	 2008,
  publisher =	 {Elsevier}
}

@Article{ToF:04,
  title =	 {Asymptotic expansion of the null distribution of
                  {LR}-statistic for multivariate linear hypothesis
                  when the dimension is large},
  volume =	 33,
  journal =	 {Communications in Statistics - Theory and Methods},
  author =	 {Tetsuji Tonda and Yasunori Fujikoshi},
  year =	 2004,
  pages =	 1205
}

@Book{Ton:90,
  title =	 {Nonlinear Time Series Analysis: A Dynamical Systems
                  Approach},
  author =	 {Tong, H.},
  year =	 1990,
  publisher =	 {Oxford University Press}
}

@Article{TrT:92,
  author =	 {Trenkler, G. and Toutenburg, H.},
  title =	 {Pre-test procedures and forecasting in the
                  regression model under restrictions},
  journal =	 {Journal of Statistical Planning and Inference},
  year =	 1992,
  volume =	 30,
  number =	 2,
  pages =	 {249-256}
}

@Article{TrW:02,
  title =	 {Distribution functions for largest eigenvalues and
                  their applications},
  author =	 {Craig A Tracy and Harold Widom},
  month =	 oct,
  year =	 2002,
  note =	 {Proceedings of the {ICM,} Beijing 2002, vol. 1,
                  587--596}
}

@article{TrW:96,
  title =	 {On orthogonal and symplectic matrix ensembles},
  author =	 {Tracy, Craig A and Widom, Harold},
  journal =	 {Communications in Mathematical Physics},
  volume =	 177,
  number =	 3,
  pages =	 {727-754},
  year =	 1996,
}

@Article{Tsa:86,
  author =	 {Tsay, Ruey S.},
  title =	 {Nonlinearity tests for time series},
  volume =	 73,
  number =	 2,
  pages =	 {461-466},
  year =	 1986,
  journal =	 {Biometrika}
}

@Book{Tuf:06,
  title =	 {Beautiful evidence},
  author =	 {Tufte, Edward R.},
  year =	 2006,
  publisher =	 {Graphics Press}
}

@Book{Tuf:83,
  title =	 {The visual display of quantitative information},
  author =	 {Tufte, Edward R.},
  year =	 1983,
  publisher =	 {Graphics Press}
}

@Book{Tuf:90,
  title =	 {Envisioning information},
  author =	 {Tufte, Edward R.},
  year =	 1990,
  publisher =	 {Graphics Press}
}

@Book{Tuf:97,
  title =	 {Visual explanations},
  author =	 {Tufte, Edward R.},
  year =	 1997,
  publisher =	 {Graphics Press}
}

@Article{Tuk:72,
  title =	 {Some graphic and semigraphic displays},
  author =	 {Tukey, John W.},
  journal =	 {Statistical papers in honor of George W. Snedecor},
  volume =	 293,
  pages =	 316,
  year =	 1972,
  publisher =	 {Ames, Iowa: The Iowa State University Press}
}

@Book{Tuk:77,
  author =	 {John W. Tukey},
  title =	 {Exploratory Data Analysis},
  publisher =	 {Addison Wesley},
  year =	 1977
}

@Book{UCP:10,
  editor =	 {University of Chicago Press Staff},
  title =	 {The Chicago Manual of Style},
  publisher =	 {University of Chicago Press},
  year =	 2010,
  edition =	 {16th}
}

@Article{Uhl:05,
  author =	 {Uhlig, Harald},
  title =	 {What are the effects of monetary policy on output?
                  {R}esults from an agnostic identification procedure},
  journal =	 {Journal of Monetary Economics},
  year =	 2005,
  volume =	 52,
  number =	 2,
  pages =	 {381-419},
  month =	 {March}
}

@Manual{VSR:11,
  title =	 {An Introduction to R},
  author =	 {William N. Venables and D.M. Smith and {R
                  Development Core Team}},
  url =		 {http://cran.r-project.org/doc/manuals}
}

@Book{Vaa:00,
  title =	 {Asymptotic statistics},
  author =	 {Van der Vaart, Aad W.},
  year =	 2000,
  publisher =	 {Cambridge University Press}
}

@Book{VeR:00,
  author =	 {William N. Venables and Brian D. Ripley},
  title =	 {S-Programming},
  publisher =	 {Springer},
  year =	 2000
}

@Book{VeR:02,
  title =	 {Modern Applied Statistics with S},
  author =	 {William N. Venables and Brian D. Ripley},
  publisher =	 {Springer},
  edition =	 {4th},
  address =	 {New York},
  year =	 2002
}

@Article{WaA:06,
  title =	 {Two-way heteroscedastic {ANOVA} when the number of
                  levels is large},
  volume =	 16,
  journal =	 {Statistica Sinica},
  author =	 {L. Wang and M.G. Akritas},
  year =	 2006,
  pages =	 1387
}

@Book{Wai:00,
  title =	 {Visual revelations: Graphical tales of fate and
                  deception from Napoleon Bonaparte to Ross Perot},
  author =	 {Wainer, Howard},
  year =	 2000,
  publisher =	 {Psychology Press}
}

@Book{Wai:05,
  title =	 {Graphic discovery: A trout in the milk and other
                  visual adventures},
  author =	 {Wainer, Howard},
  year =	 2005,
  publisher =	 {Princeton University Press}
}

@Book{Wai:09,
  title =	 {Picturing the uncertain world: how to understand,
                  communicate, and control uncertainty through
                  graphical display},
  author =	 {Wainer, Howard},
  year =	 2009,
  publisher =	 {Princeton University Press}
}

@Article{WeM:98,
  title =	 {Regression-Based Tests of Predictive Ability},
  author =	 {West, Kenneth D. and McCracken, Michael W.},
  journal =	 {International Economic Review},
  volume =	 39,
  number =	 4,
  pages =	 {817-840},
  year =	 1998
}

@Book{WeY:93,
  title =	 {Resampling-based multiple testing: Examples and
                  methods for $p$-value adjustment},
  author =	 {Westfall, Peter H. and Young, S. Stanley},
  volume =	 279,
  year =	 1993,
  series =	 {Wiley series in probability and mathematical
                  statistics},
  publisher =	 {Wiley-Interscience}
}

@Article{Wel:89,
  title =	 {On {$M$-processes} and {$M$-estimation}},
  volume =	 17,
  journal =	 {The Annals of Statistics},
  author =	 {A.H. Welsh},
  month =	 mar,
  year =	 1989,
  pages =	 {337-361}
}

@InCollection{Wes:06,
  title =	 {Forecast Evaluation},
  author =	 {Kenneth D. West},
  pages =	 {99-134},
  booktitle =	 {Handbook of Economic Forecasting},
  volume =	 1,
  editor =	 {Graham Elliott and Clive Granger and Allan
                  Timmermann},
  publisher =	 {Elsevier},
  year =	 2006
}

@Article{Wes:96,
  title =	 {Asymptotic inference about predictive ability},
  volume =	 64,
  number =	 5,
  journal =	 {Econometrica},
  author =	 {Kenneth D. West},
  month =	 sep,
  year =	 1996,
  pages =	 {1067-1084}
}

@Article{Whi:00,
  title =	 {A reality check for data snooping},
  volume =	 68,
  number =	 5,
  journal =	 {Econometrica},
  author =	 {Halbert White},
  year =	 2000,
  pages =	 {1097-1126}
}

@Book{Whi:00b,
  title =	 {Asymptotic theory for econometricians},
  publisher =	 {Academic Press},
  author =	 {Halbert White},
  edition =	 {2nd},
  year =	 2000
}

@Article{Whi:80,
  title =	 {A Heteroskedasticity-Consistent Covariance Matrix
                  Estimator and a Direct Test for Heteroskedasticity},
  author =	 {White, Halbert},
  journal =	 {Econometrica},
  volume =	 48,
  number =	 4,
  pages =	 {817-838},
  year =	 1980,
  publisher =	 {The Econometric Society}
}

@Book{WiC:10,
  author =	 {Joseph M. Williams and Gregory G. Colomb},
  title =	 {Style: The basics of clarity and grace},
  publisher =	 {Longman},
  year =	 2010,
  edition =	 {4th}
}

@Book{WiC:10b,
  author =	 {Joseph M. Williams and Gregory G. Colomb},
  title =	 {Style: Lessons in clarity and grace},
  publisher =	 {Longman},
  year =	 2010,
  edition =	 {10th}
}

@Misc{Wic:10c,
  author =	 {Hadley Wickham},
  title =	 {R style guide},
  howpublished = {Website},
  note =	 {https://github.com/hadley/devtools/wiki/ Style},
  year =	 {6 Nov. 2010}
}

@Article{WoW:88,
  title =	 {Some Invariance Principles and Central Limit
                  Theorems for Dependent Heterogeneous Processes},
  author =	 {Wooldridge, Jeffrey M. and White, Halbert},
  journal =	 {Econometric Theory},
  volume =	 4,
  number =	 2,
  pages =	 {210-230},
  year =	 1988
}

@Article{Wol:87,
  author =	 {Frank A. Wolak},
  title =	 {An exact test for multiple inequality and equality
                  constraints in the linear regression model},
  journal =	 {Journal of the American Statistical Association},
  year =	 1987,
  volume =	 82,
  number =	 399,
  pages =	 {782-793},
}

@Article{Wol:89,
  author =	 {Frank A. Wolak},
  title =	 {Testing inequality constraints in linear econometric
                  models},
  journal =	 {Journal of Econometrics},
  year =	 1989,
  volume =	 41,
  number =	 2,
  pages =	 {205-235},
}

@Article{Wol:89b,
  title =	 {Local and Global Testing of Linear and Nonlinear
                  Inequality Constraints in Nonlinear Econometric
                  Models},
  author =	 {Wolak, Frank A.},
  journal =	 {Econometric Theory},
  volume =	 5,
  number =	 1,
  pages =	 {1-35},
  year =	 1989
}

@Article{Wol:91,
  title =	 {The Local Nature of Hypothesis Tests Involving
                  Inequality Constraints in Nonlinear Models},
  author =	 {Wolak, Frank A.},
  journal =	 {Econometrica},
  volume =	 59,
  number =	 4,
  pages =	 {981-995},
  year =	 1991
}

@Article{Wri:08,
  title =	 {Bayesian model averaging and exchange rate
                  forecasts},
  volume =	 146,
  number =	 2,
  journal =	 {Journal of Econometrics},
  author =	 {Jonathan H. Wright},
  month =	 oct,
  year =	 2008,
  keywords =	 {{Bootstrap,Exchange} {rates,Forecasting,Model}
                  {uncertainty,Shrinkage}},
  pages =	 {329-341}
}

@Article{Yin:86,
  title =	 {{LSD'} for a class of random matrices},
  volume =	 20,
  journal =	 {Journal of Multivariate Analysis},
  author =	 {Yong Q. Yin},
  year =	 1986,
  pages =	 {50-68}
}

@Article{YoM:79,
  title =	 {Asymptotic behavior of {$M$}-estimators for the
                  linear model},
  volume =	 7,
  journal =	 {The Annals of Statistics},
  author =	 {Victor J. Yohai and Ricardo A. Maronna},
  month =	 mar,
  year =	 1979,
  pages =	 {258-268}
}

@Article{Zab:79,
  title =	 {Continous versions of regular conditional
                  distributions},
  volume =	 7,
  number =	 1,
  journal =	 {The Annals of Probability},
  author =	 {Sandy L. Zabell},
  month =	 feb,
  year =	 1979,
  pages =	 {159-165}
}

@Article{Zab:80,
  title =	 {Rates of convergence for conditional expectations},
  volume =	 8,
  number =	 5,
  journal =	 {The Annals of Probability},
  author =	 {Sandy L. Zabell},
  month =	 oct,
  year =	 1980,
  pages =	 {928-941}
}

@Article{Zab:93,
  title =	 {A limit theorem for expectations conditional on a
                  sum},
  volume =	 6,
  number =	 2,
  journal =	 {Journal of Theoretical Probability},
  author =	 {Sandy L. Zabell},
  year =	 1993,
  pages =	 {267-283}
}

@Article{ZeH:02,
  title =	 {Diagnostic Checking in Regression Relationships},
  author =	 {Achim Zeileis and Torsten Hothorn},
  journal =	 {R News},
  year =	 2002,
  volume =	 2,
  number =	 3,
  pages =	 {7-10}
}

@Article{Zei:04,
  title =	 {Econometric Computing with {HC} and {HAC} Covariance
                  Matrix Estimators},
  author =	 {Achim Zeileis},
  year =	 2004,
  journal =	 {Journal of Statistical Software},
  volume =	 11,
  number =	 10,
  pages =	 {1-17}
}
